2926 4684
434 278 715 397 iitsToittlitJtl
741 320 795 383 tv,
816 324 869 390 ιτ.
1135 319 1210 405 ¹¹7

130 467 320 553 διαλεχθείς,
343 471 438 535 πόλιν
456 471 500 545 είς
522 467 580 545 τὰς
601 466 740 553 τριήρεις
767 463 938 551 ἀπεχώρει,
964 465 1115 549 πρόνοιαν
1136 470 1289 536 πολ-λα
1302 478 1367 536 ι35ο

128 569 189 655 λῆν
209 568 394 652 ποισόμενος
422 573 481 635 τοῦ
504 567 551 654 μη
578 566 715 653 φανερός
738 560 819 643 εἶναι
841 566 1047 650 διειλεγμένος
1067 569 1112 655 τῷ
1138 571 1214 652 Τρι-
1288 540 1291 549 ,

129 672 228 758 βολιβ.
281 664 349 752 ἅμα
374 670 410 734 δὲ
440 672 481 757 ἕῳ
509 667 645 750 ἔπεμπεν
678 665 732 731 ἐπὶ
758 658 834 741 τοός
860 668 993 749 Πέρσας
1027 661 1082 729 καί
1108 661 1215 731 ἐκάλει

129 770 185 833 sim*
205 771 407 853 συμμαχίαν·
441 767 471 834 ot
493 769 529 834 δὲ
552 770 701 851 παρῆσαν
721 767 813 832 oridia
838 759 1058 848 μελλήσαντες.
1100 761 1158 839 usic
1174 755 1213 828 i-

102 870 193 951 trus
217 865 296 949 μετὰ
317 869 379 933 τῶν
404 869 558 955 τριηρέων
587 867 702 954 οἰφΐιιτσ
728 868 775 942 εἰς
800 854 1049 947 Θεσσαλονόιην,
1077 852 1151 948 εὗρε
1177 863 1214 928 δὲ

96 998 101 1007 ·
127 965 185 1032 τόν
203 967 304 1053 δῆμον
323 968 379 1032 καί
396 965 468 1044 τούς
488 962 641 1051 Ζηλατίις
662 961 742 1050 πρός
760 960 833 1040 τοός
857 962 1005 1047 ἀρίστους
1028 958 1214 1029 διαστασιά-

125 1067 255 1147 ζοντες,
269 1063 332 1131 ’καί
356 1068 444 1153 κοινῇ
464 1067 566 1142 κακῶς
589 1062 648 1149 τὴν
669 1063 760 1130 πόλιν
782 1060 817 1130 ἔκ
838 1086 873 1126 τε
903 1060 965 1127 τεόν
983 1059 1101 1140 ἔξωθεν
1121 1068 1244 1130 πολε-0

126 1162 210 1246 μίαν
236 1164 293 1231 aui
320 1167 383 1231 τεόν
408 1164 499 1231 ἔνδον
526 1164 700 1246 ἐπιβούλων
722 1161 869 1247 ἔχουσαν.
923 1159 1028 1225 πάντα
1055 1161 1091 1226 δέ
1113 1158 1214 1238 ,sidric

128 1266 233 1331 διέλυε
251 1264 289 1330 τό
313 1262 401 1330 δεινοὶ
423 1265 605 1351 ἐπιφανείς,
634 1262 727 1347 aruir}
752 1264 839 1326 πᾶσα
860 1259 950 1337 πόλις
971 1261 1006 1325 έν
1036 1252 1159 1344 ἑορταῖς
1177 1249 1216 1345 ἦ

83 1387 203 1445 rocus,
229 1368 285 1431 καί
312 1361 396 1445 μετὰ
421 1361 538 1446 πολλῆς
563 1363 724 1449 εόφημίας
751 1360 939 1444 ὑπεδέχοντο
960 1356 1035 1433 τοός
1054 1359 1221 1441 βασιλέας.ι

128 1463 245 1549 μικρόν
280 1465 316 1529 δὲ
344 1460 423 1543 μετὰ
449 1458 505 1545 τὴν
531 1460 701 1544 ἐπιδημίαν
731 1456 986 1544 Κανταιιυυζηνός
1015 1454 1032 1520 ό
1064 1451 1218 1537 βασιλεός
1272 1492 1277 1501 ·

125 1566 294 1649 ἐκκλησίαν
313 1560 474 1646 πάνδημον
494 1560 529 1624 έιι
543 1561 608 1624 τῶν
630 1559 881 1625 Θεσσαλονικέων
899 1556 1126 1640 συναθροίσας,
1141 1557 1220 1639 περί

124 1687 161 1729 τε
182 1665 242 1728 τοῦ
257 1658 484 1746 συμβεβηκότος
504 1657 584 1743 πρός
601 1651 698 1724 ου’τόν
717 1661 854 1739 πολέμου
871 1664 936 1730 τοῖς
947 1654 1118 1737 Ῥωμαίοις
1136 1654 1215 1721 ‹irer-
1241 1710 1247 1725 ,

125 1764 253 1848 λέχθη,
280 1760 323 1836 ὥς
344 1762 401 1823 osia
426 1757 526 1823 αότοό
551 1759 795 1842 παρασχομένου
815 1750 872 1830 τὰς
896 1753 1017 1836 αἰτίας,
1047 1749 1130 1818 ἄλλό
1150 1755 1220 1840 ταῖνΙ

78 1855 520 1948 εόσεσυκσφαυτηκότυν,ιιαι“
540 1858 697 1943 περὶτῶν
716 1857 751 1920 έν
765 1854 872 1931 αότοϊς
884 1853 1052 1939 Ζηλατοόν,
1075 1848 1119 1927 σός
1138 1841 1214 1915 οὔτε

123 1957 283 2046 πρότερον
309 1961 364 2043 τῆς
388 1959 434 2033 εἰς
460 1961 595 2038 βασιλέα
624 1953 678 2019 τόν
699 1957 770 2020 νέον
791 1952 881 2018 ἕνεκα
902 1950 1029 2027 εόνοίος
1047 1946 1104 2015 τόν
1121 1947 1213 2014 πόλε-

124 2083 186 2143 μον
205 2067 320 2124 κινοῖεν
338 2054 420 2143 πρός
440 2054 561 2138 αότόν,
593 2054 664 2119 ἀλλ’
683 2056 738 2120 ἐπί
759 2055 804 2139 τῷ
827 2046 1014 2135 διαρπάζειν
1032 2046 1074 2114 τοὶ
1096 2050 1160 2115 τῶν
1179 2047 1246 2116 atu

123 2157 265 2243 χόντιον,
295 2149 410 2241 όποροι
438 2147 526 2232 ὄντες
553 2154 648 2220 αότοό
675 2152 719 2239 τός
745 2149 785 2218 τοὶ
813 2149 926 2216 πολλά·
968 2146 1025 2215 καί
1041 2150 1099 2214 νῦν
1119 2146 1214 2213 οὐδέν

124 2253 218 2346 ἦττον
238 2254 326 2342 παρὰ
346 2256 513 2339 Τριβαλῶν
525 2248 804 2339 χρηματιζόμενοι,
813 2251 853 2316 ori
863 2251 997 2331 βασιλέα
1010 2242 1115 2329 μόνον,
1130 2240 1211 2331 όπὲρ

79 2351 167 2424 nonai
197 2358 408 2440 όγωνιζεσθαι
439 2355 636 2438 ἰσχυρίζοντο
643 2400 654 2432 ,
693 2349 772 2417 α’λλό
810 2352 866 2414 καί
894 2344 953 2431 τὴν
989 2347 1079 2411 πόλιν
1108 2348 1214 2409 πᾶσαν

126 2456 342 2542 προόόίόοσαν
361 2455 444 2532 idaiae
458 2452 615 2540 ὠφελείας
625 2455 725 2530 ἓνεκα,
750 2452 807 2516 καί
818 2448 1022 2514 α’πεόεόινυεν
1037 2448 1073 2511 tr
1089 2444 1219 2527 πολλῶνΙ

127 2559 169 2620 uri
187 2561 318 2638 βασιλεῖ
330 2557 373 2642 τῷ
397 2557 455 2642 νέῳ
477 2551 587 2636 μόνον,
612 2548 693 2616 attat
715 2551 771 2614 καί
785 2550 863 2614 πᾶσι
874 2547 1046 2627 Ῥωμαίοις
1067 2539 1125 2607 καί
1146 2548 1214 2617 τοῖς

126 2660 271 2733 πολίταις
289 2649 423 2729 όόσνους
443 2654 592 2737 diaetis
612 2722 617 2729 ,
634 2653 689 2715 καὶ
699 2650 821 2714 ἐκέλευε
839 2641 1120 2727 συλλαμβάνεσθαι
1140 2637 1216 2717 τοὺς

125 2759 267 2840 μάλιστα
288 2757 322 2820 έν
343 2752 441 2842 λόγῳ,
470 2747 525 2827 σός
545 2746 601 2814 καί
620 2751 665 2825 εἷς
685 2743 862 2824 Βυζάντιον
884 2736 1001 2828 ἤγαγεν
1021 2737 1217 2807 ἐπανελθών.

81 2857 203 2934 atrata
236 2856 267 2921 d’
290 2846 406 2929 ἄλλους
447 2852 503 2937 τῆς
530 2844 647 2925 πόλεως
678 2847 820 2912 ἐκέλευεν
838 2843 1048 2922 ἐξωθεῖσθαι·
1088 2831 1163 2911 τεός
1181 2856 1215 2901 τε

126 3031 164 3068 ne
183 3027 246 3064 cum
263 3008 389 3063 Triballo
407 3020 565 3075 congressus
583 3002 735 3055 resciretur.
771 2995 901 3048 Diluculo
920 2994 1011 3048 Persas
1027 2990 1063 3043 ad
1080 2987 1216 3042 auxilium

125 3084 237 3145 invitat,
255 3083 303 3151 qui
321 3080 380 3132 sinc
398 3092 474 3130 mora
491 3074 629 3136 advolant,
646 3089 707 3127 cum
724 3071 759 3120 iis
776 3067 801 3120 T
801 3065 995 3119 hessalonicam
1013 3062 1146 3124 defertur,
1164 3056 1217 3109 ubi

126 3156 262 3227 populum
278 3158 307 3202 et
323 3149 426 3202 Zalotaa
444 3147 480 3200 ab
498 3141 678 3215 optimatibus
692 3138 855 3195 dissidentes
867 3137 989 3188 inveniti
1009 3140 1037 3185 et
1050 3129 1147 3184 urbem
1155 3134 1215 3181 tum

127 3225 164 3278 ab
183 3223 304 3278 cateruis
322 3219 458 3280 hostibus,
475 3225 531 3268 tum
550 3215 585 3268 ab
604 3213 720 3267 internis
740 3207 948 3263 insidiatoribus
965 3203 1125 3257 afflictatam
1139 3216 1216 3252 cons.

126 3296 259 3350 munitur.
291 3290 392 3344 Verum
411 3304 491 3340 omne
509 3286 610 3338 malurn
627 3283 748 3336 adventu
765 3296 815 3331 suu
834 3277 970 3338 discnssit,
990 3282 1102 3343 totaque
1116 3271 1214 3325 civitas

126 3368 230 3422 festum
248 3363 322 3416 diem
340 3377 421 3430 agnus
444 3365 474 3412 ct
498 3355 704 3409 acclamationes
732 3350 928 3422 ingeminans,
946 3349 1123 3415 imperatores
1141 3342 1216 3393 laeta

126 3435 258 3506 suscepit.
293 3431 447 3487 Secundum
473 3427 622 3481 adveutum
648 3425 861 3484 cantaminum,
880 3425 976 3471 vocato
1002 3417 1032 3466 ln
1055 3412 1216 3466 concionem

126 3507 248 3580 populo,
266 3506 301 3560 dc
320 3503 413 3565 bello,
439 3497 514 3571 quod
535 3504 629 3553 contra
646 3493 800 3548 seltomani
817 3488 975 3548 movissent,
995 3484 1138 3555 disseruit:
1157 3496 1217 3534 uon

127 3579 193 3642 sibi,
211 3577 261 3631 sed
278 3572 451 3644 sycophantia
469 3586 575 3623 causam
597 3567 673 3619 illius
691 3560 912 3617 adscribendam
930 3564 960 3609 et
977 3554 1011 3607 de
1024 3553 1124 3606 Zelotis
1140 3551 1217 3620 ipso-

129 3649 259 3720 rum,qui
276 3661 367 3716 nequo
384 3650 472 3705 antea,
491 3642 570 3712 quasi
589 3634 749 3706 imperatori
765 3633 869 3686 iuniori
888 3627 1041 3686 studerent,
1059 3622 1170 3676 armain
1185 3637 1216 3674 aa

128 3722 296 3779 movissent.
313 3714 362 3767 sed
380 3721 411 3765 ut
428 3712 595 3781 locupletum
614 3707 756 3761 incultatus
776 3700 944 3771 diriperent,
969 3695 1022 3765 ipsi
1039 3693 1165 3763 plerique
1183 3708 1216 3745 o-

128 3807 206 3843 annes
224 3794 350 3857 egentes:
376 3792 404 3836 et
429 3798 502 3836 nuuc
528 3780 618 3832 nihilo
637 3780 728 3831 minus
745 3771 930 3828 Triballorum
948 3762 1139 3836 largitionibus
1157 3776 1216 3815 cor-

129 3862 221 3929 rupti,
240 3875 299 3912 nou
316 3861 507 3924 imperatorem
524 3849 615 3914 modo,
632 3865 682 3919 pru
701 3862 757 3917 quo
784 3860 814 3896 se
837 3847 1004 3911 pugnaturus
1029 3833 1216 3895 affirmassent,

130 3931 179 3984 scd
198 3938 227 3981 ct
245 3928 341 3981 urbem
358 3933 444 3976 totam
464 3929 577 3992 propter
594 3916 787 3990 compendium
800 3928 879 3965 snum
888 3905 1070 3982 prodiderint
1087 3907 1126 3960 Ac
1143 3901 1216 3955 rnul-

129 4001 167 4054 tis
184 3999 352 4073 argumentis
370 3993 580 4053 demonstrabat,
598 4009 654 4044 nou
672 3989 759 4041 solum
776 3981 933 4053 imperatori
949 3978 1069 4040 iuniori,
1085 3972 1134 4027 sed
1152 3971 1217 4025 uni-

129 4071 216 4123 versis
231 4084 344 4141 quoquc
361 4067 487 4118 Romanis
507 4070 536 4123 et
552 4062 657 4114 civibus
676 4058 741 4111 iudc
760 4056 795 4109 ab
813 4054 896 4108 initio
914 4045 1218 4103 malevolusexstitisse:

131 4141 352 4212 praecipuosque
370 4132 561 4207 comprehendi
580 4128 739 4202 imperabat,
757 4141 826 4198 quos
842 4131 872 4179 ct
891 4122 1048 4193 Byzaptium
1064 4130 1154 4169 secum
1166 4110 1217 4164 ad·

133 4212 223 4267 duxit
258 4213 332 4266 aliur
352 4206 420 4261 urba
437 4206 525 4276 iugari
542 4206 635 4258 iussit:
655 4198 793 4257 Triballoa
808 4211 872 4256 vcro
889 4187 1101 4265 propugnaculis
1116 4184 1218 4272 circum
1248 4204 1253 4217 ¹
