2926 4688
198 289 247 343 ιο
534 240 870 360 ,milisendem

44 437 368 515 nerotergusrloo
395 431 451 498 καί
468 432 542 509 τούς
564 435 706 516 βασιλίδι
731 437 973 519 προσκειμένους
992 437 1215 522 συγκλητικούς
1232 460 1266 504 τε

189 532 257 615 ύμα
286 537 342 599 καί
359 530 554 620 στρατιώτας
573 534 628 597 καί
646 531 722 612 τούς
741 527 856 610 άλλους
874 537 937 601 τῶν
960 536 1123 622 ἐπιφανῶν
1145 535 1267 614 πίστεις

190 636 383 721 άμφοτέροις
402 635 447 698 δι’
469 628 569 718 ὅρκων
589 633 715 699 διδόναι
732 643 796 711 τοῖς
817 637 1002 718 βασιλεύοι,
1018 632 1089 699 καί
1109 637 1267 720 μηδεμίαν

190 729 272 800 εἶναι
291 731 459 820 διαφοράν,
483 732 564 817 μηδὲ
585 730 757 814 διάστασιν,
777 735 846 798 ἀλλ’
867 730 930 798 dud
950 735 1028 815 μίαν
1043 739 1209 818 βασιλείαν
1230 729 1269 800 ά-

194 857 314 911 παντας
334 831 502 915 τετάχθαι.
543 824 613 897 ὅσοι
632 835 690 913 μὲν
711 825 768 896 ούν
790 829 879 899 ἔνδον
898 824 980 916 ἦσαν
994 830 1074 915 μετά
1097 832 1297 916 βασιλίδος,5

157 933 249 999 Darne*
271 928 369 1018 χάριν
398 928 671 1017 προσωμολόγουν·
690 936 816 1013 βασιλεῖ
844 933 899 999 καί
930 929 1005 1008 τούς
1028 926 1138 1017 ύριιους
1159 936 1270 1017 scopal-

192 1055 288 1117 χοντο
307 1028 502 1118 προθύμως·
541 1034 604 1097 τῶν
621 1029 682 1110 ἔξω
705 1033 741 1096 δὲ
763 1027 793 1095 οἱ
814 1034 939 1108 πλείους
958 1026 1015 1095 ούκ
1035 1032 1193 1115 ἠνείχοντο
1208 1034 1272 1098 τῶν

194 1130 334 1214 μάλιστα
358 1130 536 1217 ἐπιφανῶν,
556 1128 643 1195 ’άλλά
673 1133 924 1218 Καντακουζηνηῖ
952 1131 1050 1213 μόνον
1071 1129 1199 1217 ἔφασαν
1227 1134 1273 1219 τῷ

193 1236 324 1316 βασιλεῖ
335 1218 529 1310 δουλεύσειν,
549 1224 644 1319 {resp
660 1229 695 1293 δὲ
708 1230 831 1313 μηδενί.
871 1226 974 1294 δεινύν
992 1227 1053 1316 γάρ
1071 1223 1161 1312 εἶναι,
1174 1232 1204 1296 εἰ
1217 1252 1272 1294 το-

194 1333 300 1395 σαύτα
318 1328 542 1412 ύπομείναντες
562 1325 643 1394 κατὰ
666 1324 722 1393 τὸν
740 1327 877 1411 πόλεμον
897 1330 955 1393 καί
971 1327 1122 1413 χρήματα
1139 1333 1273 1415 προέμε-
1285 1353 1321 1396 ιο

183 1444 246 1495 'nos
264 1429 320 1494 καί
338 1427 544 1504 οἰκείουςκαὶ
563 1429 650 1514 σφοῖς
673 1425 787 1503 αύτούς
808 1423 889 1514 ύπὲρ
907 1430 964 1494 τού
982 1430 1071 1517 νικᾷν
1089 1426 1165 1505 τούς
1181 1435 1289 1493 πολε-1

192 1529 296 1612 μιόυς,
316 1525 426 1593 ἔπειτα
447 1522 499 1593 dre
520 1524 631 1604 ἔδοξαν
645 1529 876 1611 κεκρατηκέναι,
896 1523 1018 1612 άθρύον
1030 1528 1203 1614 φαίνεσθαι
1216 1552 1273 1592 κα-

190 1624 310 1714 τάκρας
341 1625 533 1713 ἡττημένους
565 1623 621 1693 καί
648 1624 850 1701 δουλεύοντας
876 1628 1021 1709 ἐκείνοις,
1049 1621 1096 1703 οἷς
1125 1629 1197 1711 ἐξῆν
1219 1630 1275 1692 καί

190 1724 348 1812 πρότερον
373 1724 548 1811 δουλεύειν,
572 1727 604 1792 τί
622 1722 802 1809 ἐβούλοντο,
820 1728 885 1791 τῶν
906 1729 1030 1791 πολλῶν
1048 1729 1175 1791 ἐκείνων
1195 1727 1274 1791 δυσ-

98 1833 187 1903 nm
196 1829 301 1914 χερῶν
328 1827 571 1912 άπαλλαγέντας.
618 1825 674 1892 ἐπὶ
697 1827 784 1909 τρισί
809 1830 868 1908 μὲν
888 1819 945 1890 σύν
967 1826 1100 1912 ἡμέραις
1119 1824 1323 1913 &peieret-15

194 1950 278 2009 κουν,
297 1924 343 2010 μη
369 1925 474 1992 ταύτά
494 1934 594 1992 ποιεῖν
611 1934 674 2002 τοῖς
694 1918 812 2006 άλλως,
833 1926 914 2010 μηδὲ
932 1922 1065 2008 ύπάγτιν
1085 1920 1217 2001 ἑαυτούς
1234 1928 1277 2013 τῇ

193 2023 257 2091 dud
286 2023 343 2089 τὸν
372 2027 506 2108 βασιλέα
539 2023 596 2091 τύν
619 2027 687 2092 νέον
715 2026 852 2112 δουλείᾳ.
899 2021 1161 2110 Καντακουζηνύς
1188 2026 1224 2091 lt
1255 2021 1275 2089 d

193 2120 347 2210 βασιλεύς
373 2122 431 2209 την
458 2122 604 2191 ἔνστασιν
632 2122 733 2210 ύρῶν,
760 2120 914 2205 σύντομόν
933 2148 1004 2190 τινα
1025 2122 1083 2209 τὴν
1111 2119 1277 2212 ύπύφασιν

99 2257 105 2269 ’
195 2222 252 2289 καί
280 2223 455 2308 αύστηρίας
481 2225 622 2309 ἐξήνεγκε
649 2221 776 2310 μεστήν.
822 2221 897 2301 τούς
914 2221 977 2308 γάρ
997 2219 1042 2308 μη
1065 2226 1276 2307 βουλομένους

195 2325 240 2413 τῷ
263 2325 397 2412 γαμβρῷ
422 2322 561 2389 ύπείκειν
587 2327 709 2390 ἐκέλευε
737 2322 792 2389 καὶ
819 2325 918 2390 αύτού
938 2318 1127 2409 άνυχωρείν.
1169 2321 1325 2407 βιάζε-υο

195 2427 277 2489 σθαι
301 2420 362 2507 γάρ
393 2424 449 2486 ούκ
475 2424 598 2489 ἐθέλειν
624 2421 744 2511 ἔφασκέ
769 2448 838 2489 τινα
861 2423 950 2512 αύτῷ
971 2422 1146 2507 δουλεύειν,
1167 2418 1273 2509 ῶσπερ

181 2523 273 2587 «οὐδὲ
301 2518 470 2607 πρότερον,
503 2523 571 2587 ἀλλ’
600 2523 631 2587 εἰ
655 2525 713 2605 μίν
738 2548 788 2599 τις
806 2523 952 2606 βούλοιτο
974 2520 1126 2605 τετύχθαι
1142 2518 1196 2593 ὕπ’
1216 2521 1276 2586 αύ-

195 2624 250 2711 τῷ,
269 2619 389 2705 ἀνάγκη
407 2625 495 2686 πάσα
514 2623 569 2686 καί
587 2624 722 2704 βασιλέα
740 2620 796 2688 τύν
813 2620 958 2705 γαμβρὸν
978 2619 1126 2704 ἡγείσθω
1153 2616 1274 2706 κύριον·

194 2723 228 2786 εἰ
254 2720 286 2783 δ’
311 2721 419 2808 ἐκείνη)
445 2718 491 2804 μὴ
514 2718 657 2804 βούλοιτο
686 2720 837 2803 ύπείκειν,
864 2719 921 2785 καί
942 2719 1042 2785 aizoo·
1062 2718 1275 2807 άφίστασθαι,

195 2880 260 2929 sent
275 2880 352 2926 extra
369 2871 467 2927 nrbem
478 2880 635 2936 morantes,
655 2878 685 2925 et
704 2873 752 2943 qni
770 2872 805 2925 nb
819 2871 991 2939 imperatriee
1008 2879 1101 2924 essent
1120 2873 1276 2942 optimates,

194 2945 298 2998 milites
316 2943 421 3015 aliique
438 2944 547 2997 nobiles
565 2952 731 2999 sacramento
749 2952 882 3011 concepto
901 2941 981 2995 fidem
996 2944 1119 3013 utrisque
1128 2945 1277 3012 imperato·

193 3015 270 3067 ribus
281 3012 490 3080 adstringerent,
509 3021 538 3065 et
552 3014 685 3066 universis
702 3014 751 3065 uni
770 3028 799 3065 se
816 3013 932 3080 imperio
946 3013 1168 3077 subiicientibus,
1186 3030 1275 3067 nessa·

193 3094 239 3138 ret
257 3084 345 3134 omnis
363 3081 497 3135 dissensio
519 3090 549 3137 et
566 3099 659 3135 omnes
673 3082 824 3136 discordiae
838 3083 985 3153 eliqunndo
1000 3083 1111 3149 tandem
1123 3086 1276 3139 linirentur.

194 3154 389 3224 Quotcurnque
407 3152 491 3223 igitur
508 3155 538 3206 in
558 3153 626 3209 urbe
644 3169 705 3204 oum
726 3154 901 3223 imperatrice
919 3161 1007 3217 erent,
1025 3161 1056 3207 ot
1071 3159 1169 3224 gratias
1187 3156 1278 3225 impe-

193 3225 279 3278 ratori
296 3238 375 3292 agere
395 3231 424 3275 et
441 3231 639 3277 sacramentum
658 3224 778 3279 libenter
795 3224 893 3276 dicere.
929 3222 1007 3279 Foris
1023 3232 1116 3277 autem
1127 3227 1230 3295 plures,
1248 3232 1279 3278 et

194 3295 306 3364 quidem
322 3292 506 3359 nobilissimi,
521 3311 671 3363 repugnare
689 3311 721 3348 ae
737 3295 876 3364 profiteri,
902 3294 1089 3349 leaeuzeno
1107 3297 1160 3348 soli
1177 3314 1207 3349 se
1226 3311 1278 3366 pa-

194 3368 311 3429 rituros,
335 3370 476 3434 praeterea
495 3366 606 3418 nemini.
648 3366 712 3418 Este
732 3366 806 3418 enim
824 3365 1040 3434 perabsurdum,
1061 3381 1123 3417 eum
1147 3374 1192 3418 tot
1214 3373 1278 3418 tun-

193 3441 294 3505 tosque
310 3434 418 3489 labores
438 3434 513 3488 bello
531 3435 729 3488 exundaverint
744 3435 960 3507 facultatesque,
976 3437 1163 3507 propinquos,
1189 3446 1279 3492 semet

194 3506 268 3574 ipsos
287 3505 443 3575 pronihilo
464 3505 625 3568 habuerint,
650 3514 682 3559 ut
698 3507 789 3558 bootes
807 3505 993 3568 debellarent,
1020 3508 1074 3558 iam
1099 3524 1158 3561 eum
1179 3506 1277 3559 debel-

194 3576 328 3639 laverint,
350 3584 464 3645 repente
481 3576 612 3645 ipsosmet
626 3575 780 3630 debellatos
796 3585 991 3647 superatosque
1009 3577 1096 3632 rideri
1119 3587 1149 3631 et
1165 3577 1277 3631 sobesss

194 3647 270 3709 illis,
296 3646 397 3717 quibus
422 3655 452 3699 et
473 3655 553 3711 ente,
578 3653 632 3699 tam
656 3648 803 3701 multarum
823 3648 1009 3699 molestiarum
1030 3648 1120 3701 adbuc
1139 3657 1274 3717 exportes,

195 3715 307 3770 subesse
323 3725 469 3786 poterant,
491 3717 515 3768 si
532 3719 689 3771 volnissent.
733 3717 779 3770 sle
799 3734 849 3786 per
871 3716 1008 3782 triduum,
1036 3735 1073 3772 ne
1089 3718 1181 3780 idem,
1200 3715 1277 3788 quod

192 3786 286 3846 ceteri,
294 3787 424 3851 lacerent,
433 3805 487 3841 neu
498 3789 614 3842 iunioris
625 3790 898 3858 imperatorisiugum
905 3790 1069 3857 reciperent,
1077 3789 1276 3843 renitebantur.

193 3856 400 3910 Cantaeurenus
419 3858 565 3928 imperator
582 3859 781 3914 contumaciam
805 3860 910 3924 videns,
937 3856 1030 3929 paneis
1056 3876 1087 3912 ae
1109 3875 1212 3913 summa
1229 3874 1275 3911 se-

164 3990 167 3997 *
194 3927 310 3980 veritate
331 3928 428 3992 edixit,
446 3929 494 4001 qui
513 3945 612 4001 genero
635 3946 729 3998 parere
747 3930 865 3995 nollent,
882 3946 899 3979 a
914 3945 943 3983 se
962 3945 1074 4002 quoque
1094 3929 1275 3983 discederent.

193 3996 276 4050 Nolle
303 4000 430 4071 cuiquam
455 3999 510 4052 sibi
529 3999 643 4069 parendi
661 4000 852 4053 necessilatem
870 4002 1028 4070 imponere,
1048 3998 1278 4070 quemadmodum

176 4066 246 4120 'nee
262 4068 376 4122 antehae
392 4071 580 4139 imporuisset:
600 4070 650 4124 sed
668 4072 692 4124 si
729 4071 772 4123 uis
790 4070 844 4123 sibi
862 4070 979 4127 subdere
996 4086 1025 4122 se
1044 4070 1145 4138 cupiat,
1164 4088 1227 4122 euna
1246 4076 1277 4121 et

194 4139 387 4209 imperatorem
411 4157 541 4210 generum
564 4149 690 4211 oportere
709 4088 850 4195 dominnm
871 4154 1031 4210 ugnosoore:
1049 4142 1131 4195 aliter
1148 4143 1222 4194 enim
1240 4141 1277 4192 li·

195 4215 237 4263 tes
270 4218 299 4265 et
320 4210 436 4269 dissidia
457 4227 598 4284 nunquam
620 4211 760 4268 sublatum
780 4213 824 4269 iri.
860 4212 933 4269 Haeo
950 4215 1113 4282 imperetur,
1140 4229 1196 4269 non
1215 4212 1278 4269 sino
