2926 4684
234 290 313 396 ¹40
639 320 919 388 unuscurnnr

74 481 103 535 Δ.
114 481 143 534 c.
154 480 220 538 1350
228 476 286 541 καί
298 472 355 553 τάς
371 472 509 552 σπονδάς
529 475 751 558 ἀνανεοῦσθαι,
772 474 940 560 έχονταςά
959 472 1074 558 ἔχομεν
1091 470 1247 562 ἀκάτερον.
1277 479 1309 541 si

229 576 266 639 δέ
285 597 321 641 σε
340 580 438 640 λυπεῖ
450 572 485 640 τά
512 576 568 639 καί
580 571 680 641 οάτὸν
699 579 734 641 έν
753 580 809 660 της
825 575 853 641 ‘i
863 577 989 657 νομαίων
1011 571 1176 660 ἡγεμονίας
1193 576 1310 660 μοῖράν

228 698 300 741 τινα
313 674 533 762 παρῃρημένοι
553 670 658 757 ἔχειν,
696 674 766 741 ἀλλ’
782 676 881 741 έκεῖνο
898 676 1014 741 έννοεΐν
1031 673 1119 761 χρη,
1150 673 1195 753 ἀς
1212 670 1311 752 αάτάς

197 772 312 857 (λέχεος
334 773 568 840 πολλαπλάσιον
587 772 695 858 λαβάν
713 776 752 842 έκ
775 779 832 861 τῆς
845 772 943 861 αάτιῖς
961 770 1058 863 ἓτέριρ
1079 772 1306 862 προσηκούσης.

227 866 276 951 οἷς
294 874 449 959 προσῆκον
471 867 597 962 ἀγαπᾷν
615 871 770 961 ἑκάτερον,
784 873 839 941 καί
858 871 998 951 σπονδάς
1018 871 1304 960 θεμένουςείρήνην
1319 874 1341 940 5

227 966 327 1059 ἀγειν.
369 973 401 1037 εί
420 974 456 1039 δέ
473 968 517 1058 μὴ
539 976 641 1042 ταιῖτα
662 978 741 1060 φιλο
761 999 813 1044 σοι
833 977 928 1058 δοκεῖ,
948 970 1008 1061 ἀρα
1028 970 1073 1059 μη
1093 998 1143 1041 σοι
1162 972 1241 1060 πρὸς
1262 978 1310 1063 τηῖ

109 1084 143 1141 V.
167 1081 220 1141 626
227 1075 327 1159 μηδὲν
343 1074 437 1139 πλέον
452 1071 601 1159 ἤνυκέναι
613 1076 669 1141 καί
679 1075 854 1161 ἀπληστίας
870 1077 926 1140 καί
939 1074 1132 1159 ἀχαριστίας
1146 1072 1310 1160 πράςτοάς

227 1170 341 1258 φίλους
356 1172 413 1236 καί
430 1169 505 1250 rode
519 1162 557 1236 εά
576 1170 784 1261 πεποιηκότας
802 1171 941 1259 ἔγκλημα
954 1175 1152 1257 προσέσται.”
1173 1176 1311 1239 τοιαῦτα

225 1272 283 1355 μέν
297 1267 457 1358 άΚράλης
479 1272 641 1358 διειλέχάη
659 1273 738 1362 πρὸς
753 1276 899 1357 βασιλέα,
916 1274 1039 1340 πολλῶν
1058 1270 1233 1358 παρόντων.
1249 1276 1311 1354 βα-

224 1367 333 1447 σιλεάς
354 1372 390 1436 δέ
410 1369 551 1456 έπισχάν
565 1373 688 1457 μικρὸν,
709 1373 860 1459 τοιαύτην
877 1370 956 1461 πρὸς
985 1377 1120 1458 Κράλην
1140 1369 1309 1457 έποιήσατο
1322 1393 1359 1435 ro

229 1468 414 1554 ἀπολογίαν·
444 1465 570 1555 „otidis
600 1470 703 1549 οάτοος
729 1470 836 1554 οἴομαι
862 1475 1075 1555 λυμαίνεσθαι
1103 1475 1147 1560 τῷ
1167 1472 1226 1560 βίην
1240 1466 1311 1535 Ιτάν

231 1561 410 1654 ἀνθρώπων
430 1571 584 1658 έξαρχῆς,
620 1574 696 1639 eddi
722 1563 843 1655 μᾶλλον
861 1570 962 1640 αἴτιον
981 1574 1045 1637 τάν
1070 1570 1215 1655 μεγάλαν
1238 1571 1312 1634 δια-

196 1671 339 1755 ινφορτόν
360 1671 417 1736 καί
440 1673 504 1738 τάν
523 1673 669 1753 πολέμων
690 1675 902 1759 γεγενῆσθαι,
929 1666 951 1759 ἢ
970 1669 1004 1737 τὸ
1023 1668 1068 1755 μη
1089 1671 1217 1744 ἀικαάυς
1235 1672 1311 1736 ἕκα-

228 1790 301 1834 στον
320 1765 424 1861 ἑαυτῷ
443 1792 479 1835 τε
500 1766 558 1836 ναί
573 1778 638 1848 τοῖς
657 1762 766 1849 ἀλλοις
786 1774 927 1863 διαιτᾷν,
949 1772 1019 1837 ἀλλ’
1044 1764 1147 1859 ἑαυτῷ
1175 1770 1235 1852 μὲν
1256 1770 1313 1835 καί

226 1864 267 1935 τά
288 1865 472 1934 ἀτοπάτατα
494 1869 645 1948 πολλάκις
664 1879 857 1957 συγχωρεῖν,
876 1868 953 1948 τοάς
972 1870 1003 1935 δ’
1022 1861 1135 1945 ἀλλους
1154 1865 1359 1956 redinduti

227 1968 292 2032 τάν
310 1969 486 2051 ἐλαχίστων
500 1971 653 2055 μεγίστας
671 1974 817 2036 ἀπαιτεῖν
837 1970 985 2047 edidere.
1024 1967 1081 2035 ani
1098 1967 1192 2034 τοῦτό
1211 1972 1310 2050 ἐστιν,

227 2060 248 2129 d
270 2068 386 2151 πολλῆς
416 2062 592 2153 ἐμπέπληκε
611 2066 668 2136 τόν
690 2069 761 2153 βίον
782 2071 945 2156 ταραχῆς,
971 2066 1027 2135 καί
1053 2062 1091 2135 od
1121 2067 1231 2134 πόλεσι
1249 2066 1311 2152 μά-

226 2187 280 2232 νον
309 2164 367 2231 καί
390 2168 504 2243 οἰκίαις
529 2166 670 2253 μεγάλας
699 2166 904 2257 ἐνειργάσατο
930 2167 1122 2257 συμφοράς,
1150 2162 1234 2233 ἀλλά
1254 2171 1312 2233 καί

226 2259 304 2343 ὅλας
326 2268 510 2353 διέφθειρον
531 2266 715 2354 ἡγεμονίας,
746 2264 767 2355 ἢ
787 2265 904 2346 αάτοάς
930 2292 1018 2345 τινος
1032 2342 1037 2357 ¹
1051 2264 1104 2334 ἀπ’
1136 2267 1311 2351 ἀπληστίας

224 2360 350 2451 ἓτέρους
364 2364 617 2463 διαφθείραντας
636 2370 785 2450 πολέμων»
801 2359 957 2452 ἀρχοντας
976 2366 1103 2448 ἀδίκων,
1119 2360 1141 2451 ἢ
1161 2364 1222 2432 ἀπὸ
1245 2368 1359 2434 raino

224 2465 445 2547 ἀδικουμένων
466 2466 723 2554 διαφθαρέντας,
743 2470 871 2544 δικαίους
890 2467 948 2533 καί
966 2469 1069 2544 καλῶς
1090 2468 1308 2549 ἀμυνομένων.

225 2559 304 2653 άπερ
325 2565 431 2647 οἴομαι
443 2569 499 2634 καί
508 2566 562 2634 σοί
572 2570 804 2655 συμβεβηκέναι
814 2570 879 2636 νῦν.
894 2567 926 2634 εἰ
935 2564 995 2656 γάρ
1006 2568 1134 2645 δικαίας
1144 2568 1200 2633 καί
1206 2570 1311 2643 καλάς

225 2776 299 2843 volo,
319 2776 433 2850 perinde
450 2782 482 2831 ut
498 2774 634 2841 antebac,
670 2782 700 2831 et
718 2775 829 2842 hortor,
856 2783 905 2843 nt,
923 2775 1037 2832 abiectis
1058 2776 1118 2831 iatis
1135 2775 1311 2846 cogitationi-

226 2848 279 2905 bus
296 2848 458 2912 humilibus,
475 2850 595 2920 priorem
611 2847 758 2901 amicitiam
777 2857 807 2902 et
823 2848 920 2902 ioedus
936 2865 1040 2903 meeum
1051 2865 1173 2912 renoves,
1194 2857 1311 2901 etnter·

227 2936 282 2992 que
301 2937 372 2991 quae
390 2919 476 2973 babet
493 2920 618 2973 retineat.
654 2917 763 2989 Quodsi
780 2934 859 2989 aegre
878 2921 931 2974 tibi
950 2930 1009 2983 est,
1043 2934 1087 2972 me
1114 2935 1224 3003 quoqne
1243 2935 1311 2987 por-

151 2999 156 3008 '
226 2994 331 3045 tionem
350 2991 472 3062 aliquam
490 2989 525 3042 de
542 2990 664 3042 Romano
680 2989 796 3059 imperio
814 2991 932 3044 ablatam
950 2988 1111 3060 possideret
1129 2997 1159 3041 at
1176 2989 1247 3042 riind
1264 3004 1311 3049 co·

225 3063 295 3130 gites
312 3061 405 3125 veiim,
425 3067 453 3112 te
472 3059 559 3111 multo
580 3060 741 3130 ampliorem
761 3060 872 3124 babere,
890 3061 1039 3115 detractam
1057 3077 1091 3115 ex
1109 3076 1140 3112 ea
1149 3100 1161 3133 ,
1179 3075 1250 3133 quae
1269 3058 1310 3110 al·

226 3135 313 3185 terius
333 3139 393 3184 erat
410 3129 535 3200 propriae
554 3130 655 3202 quibus
674 3137 821 3201 utrumque
840 3139 998 3185 contentum
1016 3148 1075 3186 esse
1101 3139 1137 3193 et,
1158 3129 1230 3183 iacto
1248 3128 1310 3180 ioe-

228 3201 303 3264 dere,
319 3216 413 3271 pscem
432 3203 535 3269 agitare
552 3217 601 3269 par
619 3209 667 3256 est.
684 3201 733 3255 sin
753 3202 807 3255 ista
827 3202 951 3257 conditio
969 3210 997 3255 te
1015 3220 1072 3256 non
1092 3197 1221 3264 delectat,
1238 3199 1314 3262 vide,

226 3289 273 3334 ne,
292 3269 576 3342 praeterquamquod
596 3269 668 3324 nihii
685 3272 809 3342 proficis,
830 3274 914 3327 etiam
938 3273 1117 3343 inexplebilis
1136 3270 1268 3326 avaritiae
1282 3276 1313 3325 et

227 3340 432 3412 ingrati‚animi
450 3355 512 3412 erga
533 3340 636 3395 amicos
661 3358 694 3395 ac
716 3342 788 3396 bene
806 3345 917 3397 meritos
935 3342 1038 3397 crimen
1055 3344 1201 3401 incurras.''
1237 3341 1313 3393 Haec

228 3411 322 3466 Crales
340 3413 376 3465 ad
397 3414 601 3483 imperatorem,
622 3413 716 3466 multis
740 3414 936 3482 praeuentibnn
973 3415 1124 3483 imperator
1141 3412 1314 3483 aliquamdiu

229 3484 333 3547 aiicns,
360 3484 390 3537 in
406 3481 475 3536 haee
491 3483 572 3536 rerba
591 3499 749 3555 responsum
773 3482 910 3538 reddidit:
945 3483 1044 3550 „Nihil
1062 3498 1150 3557 aeque
1169 3481 1313 3535 bominum

230 3555 305 3610 vitae
325 3555 380 3607 iarn
400 3553 466 3608 inde
484 3554 520 3607 ab
539 3554 621 3608 initio
638 3557 734 3609 obesse
752 3556 861 3624 opinor,
877 3572 968 3628 neque
986 3554 1062 3608 alind
1079 3571 1176 3623 magna
1196 3551 1315 3606 diasidia
1391 3617 1396 3625 ι

232 3631 262 3678 et
285 3624 471 3696 bellegravia
494 3628 651 3696 peperisse,
676 3641 757 3698 quam
783 3624 858 3699 quod
887 3630 1076 3701 unusquisqne
1101 3626 1155 3678 sibi
1189 3631 1217 3678 et
1247 3622 1313 3676 aiiis

230 3694 306 3749 band
324 3699 412 3749 iustus
430 3703 473 3749 est
489 3694 607 3761 arbiter,
634 3696 683 3748 sed
711 3695 765 3748 ribi
793 3694 904 3766 quidem
921 3698 966 3750 vei
983 3697 1138 3768 turpissima
1153 3693 1314 3765 frequenter

231 3766 369 3837 ignoscit,
387 3766 422 3820 ab
440 3766 502 3821 aliis
521 3776 613 3822 autens
629 3767 713 3820 ctiam
731 3783 781 3837 pro
801 3767 992 3821 minutissimis
1013 3767 1121 3820 delictit
1139 3781 1241 3834 poenas
1259 3779 1315 3834 po-

231 3838 285 3892 scit
300 3838 494 3890 acerbissimas.
529 3842 620 3908 Atque
639 3837 693 3892 hoc
710 3845 768 3900 est,
793 3835 868 3907 quod
893 3840 977 3892 vitam
1004 3837 1151 3892 humanam
1170 3843 1315 3906 tantopere

230 3906 403 3979 perturbavit
418 3917 501 3979 atque
520 3909 692 3979 permiscuit,
710 3923 763 3960 nec
779 3907 893 3960 urbibur
914 3916 1062 3962 tantumne
1077 3908 1205 3961 domibus
1216 3907 1315 3978 ingen·

230 3979 271 4031 tia
283 3977 453 4032 incommoda
471 3979 576 4040 intulit,
589 3977 638 4031 sed
651 3988 680 4032 et
693 3986 751 4032 teu
775 3979 889 4047 imperia
900 3979 1096 4047 pessumdedit,
1110 3996 1170 4032 eum
1185 3986 1234 4031 ant
1249 3976 1316 4046 qui-

232 4048 296 4104 darn
310 4048 485 4102 insaturabili
501 4047 651 4118 cupiditate
662 4049 738 4103 bello
750 4064 800 4120 per
812 4049 890 4102 nefas
900 4049 976 4104 iiiato
986 4050 1055 4111 aiios
1070 4055 1206 4112 evertunt,
1215 4056 1265 4099 aut
1277 4044 1314 4097 ab

231 4119 304 4184 aliis,
315 4120 419 4192 quibus
431 4119 521 4204 iniqui
537 4119 657 4184 inerant,
672 4121 744 4173 inste
757 4135 788 4170 ac
803 4116 919 4173 honeste
935 4135 963 4173 se
977 4116 1173 4174 ulciscentibus
1186 4126 1315 4170 evertun-

233 4196 295 4248 tur:
312 4190 387 4265 quod
396 4198 426 4248 et
439 4191 493 4246 tibr
504 4189 585 4247 modo
596 4190 742 4264 contigisse
754 4188 882 4254 arbitror.
899 4191 929 4248 si
942 4192 1017 4248 enim
1038 4207 1160 4264 acquum
1172 4196 1201 4247 et
1208 4187 1315 4244 bonurn
