2900 4676
443 236 499 304 au
530 236 991 306 maciomanum
1167 208 1258 327 459

174 393 319 475 fugienti:
342 411 405 454 uon
424 390 528 455 solum
542 413 583 455 ne
601 392 709 455 fortius
732 413 767 455 er
787 392 963 454 necessitate
979 391 1117 467 resistat,
1150 392 1203 456 red
1226 403 1262 455 ut

172 487 278 559 postea
297 496 421 558 quoque
440 476 556 538 facilius
569 477 633 538 acie
653 475 763 538 cedat:
787 486 884 553 ratus,
904 495 967 537 non
987 495 1083 593 uspue
1102 474 1141 538 ad
1160 479 1261 560 perui·

174 561 251 622 ciem
272 560 457 641 fngientibus
478 562 640 622 instaturos
660 562 799 626 victores.
823 579 953 621 roman.

258 641 341 725 Pag.
357 641 430 726 547,
447 644 477 705 3.
499 656 566 704 aut
585 646 749 705 honeste
770 643 974 705 uicturos.
998 639 1092 720 Quod
1111 640 1262 722 proliten-

173 736 237 799 tur,
259 746 292 788 se
314 727 439 788 honeste
459 727 610 805 victuros,
633 726 788 803 indicant,
808 746 872 786 non
893 725 1062 809 fugituros,
1091 735 1122 785 et
1142 725 1261 786 hostem

174 820 368 891 superaturos
388 811 508 892 potius,
529 808 622 954 'paam
644 830 677 872 se
697 808 742 872 illi
762 806 927 874 dedituros.
968 808 1047 868 Nam
1067 809 1121 890 qui
1141 828 1262 889 eprae-

174 890 218 954 lio
239 891 328 976 fugit,
349 914 411 953 non
435 895 514 955 vivit
556 902 680 955 oreste:
713 913 771 954 nec
792 894 846 976 qui
866 912 898 953 se
916 892 1025 953 timore
1046 890 1158 964 fractus
1178 890 1262 953 hosti

176 974 269 1039 dedit.
312 978 453 1038 instituto
481 977 605 1058 quidem
632 976 960 1054 Lacedaemoniorum,
988 973 1069 1056 apud
1099 995 1177 1057 quos
1206 983 1262 1034 aut

175 1058 297 1123 vincere
308 1059 466 1142 oportebat
478 1071 531 1121 aut
548 1061 641 1137 mori,
655 1058 733 1120 nihil
746 1060 876 1120 dabatur
890 1060 1022 1120 tertium.
1057 1057 1262 1119 Lacedaemo·

173 1144 297 1204 nicrum
319 1144 410 1224 igitur
423 1146 547 1225 spiritus
566 1154 597 1205 et
616 1145 734 1205 animos
752 1143 862 1204 milites
882 1144 932 1204 isti
952 1140 1105 1224 gerebant.
1125 1160 1258 1203 rourum

263 1224 436 1309 Peg-347,
452 1225 483 1305 4.
510 1228 700 1309 eignoque
734 1227 874 1288 crucis.
924 1223 1114 1287 Christianae
1141 1226 1262 1306 pietatis

175 1317 233 1381 est,
255 1310 358 1369 omnia
377 1310 412 1369 in
435 1311 559 1371 nomine
577 1308 700 1371 Domini
724 1319 755 1370 et
784 1329 855 1370 cum
874 1307 984 1371 fiducia
998 1305 1137 1369 naelestis
1157 1305 1262 1368 auxilli

175 1390 292 1452 faceret
329 1392 415 1452 cuius
435 1393 600 1455 voluntatis
631 1413 666 1453 ac
688 1394 753 1475 spei
792 1393 912 1475 signum
943 1403 1011 1468 est,
1044 1389 1209 1451 formatum
1228 1391 1262 1451 in

174 1470 275 1534 frome
304 1485 358 1535 aut
391 1475 423 1536 in
453 1479 522 1539 aire
548 1487 619 1537 ante
648 1495 864 1558 nonexpresse
893 1495 987 1537 manu
1015 1485 1136 1536 sauctae
1163 1474 1263 1549 crucis

178 1557 303 1638 ligura:
329 1578 383 1640 per
412 1579 505 1641 quam
526 1558 609 1621 hona
627 1560 730 1620 omnia
762 1570 794 1621 et
820 1559 902 1621 salus
922 1558 1011 1620 nobis
1038 1578 1094 1639 per
1126 1556 1222 1618 filium
1242 1575 1263 1617 a

174 1637 243 1701 Deo
268 1643 525 1725 patreimpetrata
544 1654 599 1706 est.
641 1643 741 1704 Credo
763 1644 855 1704 etiam
875 1641 933 1703 hos
953 1640 1064 1702 milites
1084 1639 1177 1701 fuisse
1197 1659 1263 1699 me·

174 1740 276 1785 mores
294 1722 398 1803 illius,
419 1725 503 1808 quod
521 1729 555 1787 in
574 1729 639 1789 vita
660 1727 851 1788 Constantini
873 1722 1017 1808 legimus,
1042 1725 1078 1785 in
1097 1725 1154 1784 hoc
1176 1723 1263 1804 signio

174 1806 286 1867 uinces.
326 1806 405 1868 Sunt
432 1819 463 1870 et
488 1808 547 1870 alia
568 1807 723 1888 exempla,
755 1819 904 1871 eternum
922 1807 1040 1868 illustre
1061 1807 1156 1868 sancti
1176 1806 1264 1865 Mar-

174 1889 248 1964 tini,
275 1890 326 1949 cui
352 1910 422 1950 cum
441 1891 586 1952 timiditas
605 1891 807 1971 obiceretur,
852 1902 954 1972 ropter
974 1911 1067 1973 quam
1086 1888 1262 1951 missionem
1374 1934 1378 1947 ,

170 1979 298 2051 peteret,
311 1992 379 2053 ego,
392 1975 503 2055 iuquit,
517 1976 601 2056 sigreo
614 1976 721 2053 cnam,
737 1996 798 2037 non
808 1913 912 2058 clipeo
922 1987 1071 2060 protectas
1088 1986 1143 2036 aut
1158 1971 1261 2052 galea,

169 2053 298 2115 datam
319 2076 424 2117 mneos
438 2058 603 2141 penetrabo
615 2079 739 2124 securus.
762 2057 959 2140 Sulpiciustn
980 2058 1023 2118 eis
1043 2058 1262 2122 vitaremus.

253 2137 337 2220 Peg.
353 2138 426 2220 348,
442 2160 472 2205 a.
494 2139 652 2202 α’πέθανεν
672 2140 743 2206 add.
766 2143 811 2205 M.
835 2162 897 2241 mg,
924 2149 994 2223 post
1023 2130 1139 2211 adrisit.
1164 2137 1263 2221 Spsu·
1335 2126 1347 2141 ⁸

168 2215 230 2301 gel.
248 2218 270 2285 1.
290 2218 312 2286 l.
336 2225 418 2284 coni.
442 2218 549 2294 οὐδεὶς
569 2212 643 2285 οὔτε
662 2213 834 2302 ἀπέθανεν,
857 2241 931 2285 cora
952 2214 1088 2305 ἐτρώθη.

255 2301 339 2385 1²03.
356 2304 429 2385 348,
446 2303 494 2369 ιό.
515 2298 668 2366 καὶκατὰ
693 2301 808 2387 κράτος
829 2307 875 2370 M.

254 2384 336 2468 Pag·
351 2386 425 2471 349,
443 2389 492 2452 23.
514 2385 658 2450 ἐκέλευσε
682 2390 728 2455 Μ.

254 2466 338 2550 Pag.
352 2470 423 2548 350,
439 2493 468 2533 a.
488 2472 649 2533 medium
667 2484 787 2534 tenet.
807 2471 908 2536 Locus
924 2470 1112 2554 imperatoris
1125 2469 1159 2531 in
1173 2489 1259 2533 exer·

166 2548 244 2641 citu,
264 2553 348 2697 pund
367 2554 443 2615 vidit
462 2565 553 2636 poeta
576 2565 691 2634 noster,
711 2577 783 2618 eum
805 2557 848 2619 sic
868 2556 1022 2630 deTurno
1037 2554 1158 2641 cecinit,
1171 2555 1259 2637 prin-

167 2636 252 2714 crpio
285 2635 343 2697 ibri
363 2658 411 2721 9·=
433 2637 564 2721 Iamque
583 2641 678 2700 omnis
690 2640 804 2723 campis
824 2643 972 2702 exercitus
993 2641 1056 2700 ibat
1068 2640 1184 2724 opertis
1197 2649 1256 2699 etc.

167 2716 267 2778 Libro
284 2720 360 2795 ,item
386 2740 431 2783 ro.
455 2721 494 2782 de
517 2721 670 2800 Ascanio,
701 2725 756 2804 qui
789 2744 948 2805 personam
969 2725 1063 2806 patris
1092 2742 1128 2782 ac
1149 2720 1260 2783 summi

165 2800 299 2883 proinde
321 2803 406 2865 ducis
427 2804 590 2880 referebat,
614 2805 645 2864 in
661 2806 818 2879 obsidione
837 2809 1026 2869 sustinenda.
1050 2803 1260 2889 Aquilacirca

164 2884 304 2947 medium
323 2888 411 2948 tonus
429 2889 555 2970 hatonis
573 2889 739 2966 heabatttr,
762 2890 860 2973 inquit
872 2891 991 2973 Lipsius
1011 2890 1050 2950 de
1062 2885 1152 2949 Milit.
1169 2888 1261 2953 Rom·

165 2965 252 3029 libro
271 2968 302 3049 4.
325 2970 399 3032 dial.
409 2970 451 3051 4.,
471 2972 516 3033 ibi
533 2973 614 3033 enim
641 2974 806 3058 imperator
823 2987 856 3037 ut
874 2976 916 3035 sit
933 2986 1065 3059 oportet,
1090 2971 1169 3033 unde
1207 2991 1261 3033 ru-

163 3050 280 3135 spiciat
300 3066 330 3115 et
346 3056 469 3117 mandet
478 3054 640 3135 facillime
659 3056 694 3118 in
715 3077 818 3119 omnes
845 3070 959 3143 partes.
1000 3056 1034 3116 Is
1058 3067 1156 3117 adem
1178 2992 1261 3116 dicus

163 3134 283 3198 medies
298 3149 358 3198 cst.-
376 3139 431 3200 sed
440 3139 570 3223 paulum
586 3153 687 3225 tamea
706 3141 858 3226 adfinem
871 3141 969 3223 magis
984 3139 1133 3206 Murano.
1174 3137 1261 3199 Nam

162 3220 247 3280 intw
261 3221 416 3305 principes
434 3234 464 3282 et
489 3223 614 3284 triarios
639 3234 710 3285 ante
735 3226 854 3310 aquilas
876 3226 987 3286 stetisse
1009 3242 1109 3285 censeo
1125 3222 1261 3305 impera-

163 3313 273 3370 torem.
314 3298 510 3385 Arguntento}
532 3306 615 3390 quod
634 3306 662 3367 is
675 3309 737 3369 eriis
751 3309 822 3371 dots
836 3312 870 3373 in
884 3307 1004 3384 casum,
1021 3318 1091 3371 arete
1099 3304 1261 3391 primipia

161 3384 237 3449 dico
256 3398 286 3447 et
305 3388 434 3473 aquilm
459 3406 589 3452 courir.

251 3468 920 3556 Pag.353,3.Andronicisilio,
951 3483 1154 3556 cognato
1178 3488 1259 3533 sao.

165 3550 318 3628 Quamvis
340 3554 455 3617 Graece
477 3557 516 3616 sit
536 3553 720 3642 ἐξαδέλφῳ,
747 3559 831 3641 quod
861 3557 1032 3641 patruelem
1058 3557 1261 3636 interpretan-

165 3643 244 3714 tur,
267 3646 370 3698 tamen
391 3647 508 3700 certum
536 3650 593 3719 est,
615 3641 788 3703 Manualem
812 3643 985 3703 Andronici
1013 3639 1123 3703 Aeonis
1149 3635 1259 3708 filium·

167 3714 365 3800 imperatoris
386 3720 476 3783 huius
496 3720 663 3804 patruelem
682 3725 807 3786 minime
830 3724 946 3786 iirisses
976 3723 1035 3787 nisi
1057 3725 1121 3804 ipse
1142 3721 1260 3783 Asanes

165 3805 268 3864 senior
298 3804 455 3866 Michaelis
479 3808 575 3888 patris
604 3807 794 3889 imperatoris
815 3806 910 3869 irater
938 3806 1038 3873 fuerit.
1081 3806 1177 3887 Atqui
1197 3823 1262 3864 nou

165 3882 236 3947 fuit.
275 3887 483 3951 Veruntamen
505 3908 576 3951 oum
598 3890 794 3955 Andronicus
826 3891 944 3953 Asanes
967 3911 1003 3952 er
1034 3910 1138 3951 sorore
1160 3888 1260 3948 senio-

167 3967 211 4028 ris
225 3967 395 4034 Andronici
415 3974 605 4054 imperatoris
623 3985 713 4036 nctus
733 3977 772 4038 sit
788 3975 952 4058 (siquidem
972 3975 999 4036 is
1017 3974 1106 4044 θεῖος
1126 3971 1192 4033 eins
1210 3968 1259 4029 di-

167 4053 287 4146 citur),
309 4055 433 4118 Manuel
457 4057 599 4119 hiscum
619 4062 738 4123 minore
757 4059 946 4139 Andronico,
969 4068 1005 4120 ut
1026 4065 1121 4142 patet,
1144 4071 1257 4137 cogna-

145 4180 148 4183 -
170 4143 254 4197 none
274 4139 450 4204 coniunctus
470 4143 540 4204 fuit.
565 4163 696 4207 rourum
1043 4159 1049 4171 ·
