2978 4678
415 303 471 365 tui
510 299 790 366 martuniani
819 305 892 366 iia.
913 306 938 366 1.
1142 277 1224 390 417

234 454 314 538 Peg.
333 453 402 533 164,
417 456 466 517 15.
487 451 593 526 αἰτίας
610 454 814 516 scribendum.

232 536 699 621 Pag.164‚22.siipendta
724 559 941 603 mercenar.
989 538 1108 619 Duplex
1133 561 1226 620 genus

147 617 298 681 militum:
320 620 443 703 quidam
464 620 659 697 mercenarii,
688 622 742 702 qui
763 622 905 682 nonanis
929 619 1084 702 stipendiis
1113 624 1226 684 militn-

147 701 243 763 bant:
264 702 315 763 alii
335 724 421 785 agros
440 694 592 764 habebant
612 701 670 762 sibi
692 704 875 781 assignatos,
904 703 936 761 in
968 724 1098 783 quorum
1119 726 1225 766 nirme·

147 806 217 845 rum
243 787 286 846 ait
304 806 335 846 se
355 788 445 846 etiem
465 785 664 851 mercenarios
684 785 844 860 retulisse,
878 787 1015 865 quamvis
1036 788 1078 847 eis
1107 797 1225 847 tentum

146 870 211 948 agri
233 867 356 929 modum
380 889 441 928 non
460 868 638 951 assignarit,
668 867 722 927 sed
741 867 781 926 ed
810 866 992 947 stipendium
1020 879 1139 928 tantum
1167 891 1225 929 au·

146 949 287 1031 gendum.
328 949 420 1033 Apud
447 952 597 1013 Romanos
619 950 768 1010 veteranis
788 946 934 1010 militibus
954 960 984 1009 et
1004 948 1147 1025 ducibus,
1172 972 1221 1028 ne,
1258 980 1260 989 ,

146 1044 298 1094 senectute
322 1033 437 1094 viribus
460 1032 608 1094 exhaustis
628 1043 659 1092 et
686 1051 812 1113 corpore
832 1030 1010 1109 debilitato,
1031 1054 1099 1092 cum
1122 1036 1224 1094 uxori·

145 1112 204 1175 lius
225 1126 256 1176 et
275 1115 377 1176 liberis
399 1136 485 1198 egere
505 1125 695 1197 cogerentur,
715 1116 794 1195 capti
815 1115 855 1174 ab
876 1114 1011 1176 hostibus
1030 1116 1095 1194 agri
1118 1115 1220 1176 distri·

144 1195 325 1272 buebantur,
348 1197 395 1259 vel
416 1197 532 1279 aliquot
551 1206 665 1278 ingere,
687 1195 735 1256 vel
756 1207 905 1278 quantum
924 1199 991 1277 quis
1013 1217 1075 1256 nno
1096 1196 1145 1257 dic
1167 1199 1222 1257 cir·

144 1298 300 1340 cumarare
323 1289 433 1361 posset.
473 1279 552 1341 Cum
582 1281 673 1360 igitur
692 1279 961 1355 Cremonensium,
994 1280 1047 1359 qui
1078 1279 1222 1340 aCassio

144 1372 174 1420 et
195 1364 288 1421 Beato
306 1371 460 1438 steterant,
477 1364 540 1443 agri
563 1382 625 1421 non
646 1360 827 1440 sufficerent,
841 1362 994 1442 Augustus
1013 1362 1108 1421 victor
1131 1363 1223 1420 Man·

143 1453 305 1505 tuannruin
325 1455 479 1525 tamquam
502 1443 671 1505 vicinorum
692 1443 763 1503 addi
786 1446 883 1522 iussit,
906 1445 936 1502 in
960 1442 1068 1523 quibus
1089 1453 1119 1503 et
1139 1442 1221 1525 agel-

143 1522 191 1586 lus
202 1527 344 1587 *Maronis
365 1538 439 1589 erat.
480 1526 559 1588 llinc
579 1526 653 1588 illud
676 1525 790 1609 Ecloga
809 1548 838 1610 9.
849 1547 858 1585 t
880 1525 1008 1587 Maiiam
1021 1545 1083 1587 uae
1095 1527 1219 1587 mi'serae

144 1610 271 1670 nimirem
300 1609 405 1670 uicina
430 1608 602 1676 Cremonae.
623 1628 748 1675 murm.

227 1691 306 1770 Pag.
322 1691 391 1768 166,
407 1712 433 1752 1.
454 1688 552 1772 αὐτῆς
572 1694 616 1758 Μ.

226 1773 306 1854 Peg.
333 1774 400 1858 167,
422 1774 453 1836 8.
473 1777 538 1844 τοῖς
558 1770 665 1844 αὐτοῖς
686 1766 840 1840 τοιούτοις
859 1770 905 1830 Μ.

222 1855 305 1936 fag.
333 1855 401 1938 167,
433 1876 477 1920 io.
510 1876 585 1939 pro
616 1854 803 1934 familia
842 1851 928 1912 eius
968 1863 1004 1911 et
1037 1852 1215 1930 coniuge.

143 1937 207 2009 Cur
228 1949 347 2018 separat
368 1934 546 2019 coniugem?
567 1958 605 1997 an
626 1938 698 2019 quia
716 1938 837 2018 reginae
857 1934 888 1993 in
911 1931 1057 1993 mundum
1076 1941 1107 1994 et
1126 1953 1218 1993 orna·

139 2029 240 2078 mente
284 2029 314 2078 et
345 2018 589 2101 pedissequarum
619 2039 722 2102 greges
765 2015 908 2101 peculiari
943 2026 1066 2096 sumptu
1104 2020 1217 2093 egent?

139 2099 232 2161 Unde
254 2102 345 2163 etiam
365 2103 400 2162 iis
420 2103 531 2184 oppida
550 2104 582 2162 in
598 2100 679 2162 bunc
698 2121 785 2161 usum
806 2098 951 2159 attributa
972 2097 1064 2156 fuisse
1079 2092 1219 2176 legimus.

140 2182 204 2242 Cic.
227 2186 259 2244 in
279 2184 306 2245 F
307 2189 510 2246 iumentario:
551 2184 653 2245 Solere
672 2184 760 2244 nituit
789 2181 935 2240 barbaros
959 2200 1039 2258 reges
1058 2176 1216 2238 Persarum

137 2286 175 2324 ac
201 2264 348 2345 Syrorum
368 2268 469 2350 plures
489 2286 597 2328 uxores
624 2266 750 2326 liabere:
774 2265 820 2321 liis
847 2275 944 2321 autem
971 2258 1112 2319 uxoribus
1139 2261 1216 2319 civi-

137 2361 211 2407 tates
232 2350 390 2409 attribuere
420 2352 474 2410 lioc
493 2349 601 2411 modo.-
636 2347 839 2408 haeccivitas
863 2343 983 2404 mulieri
1004 2341 1215 2424 redimiculum

135 2431 297 2514 praebeat,
317 2433 392 2491 liaeo
412 2432 445 2493 in
467 2432 597 2503 collum,
619 2431 694 2493 naec
719 2431 752 2488 in
772 2427 869 2488 crines
890 2436 947 2484 etc.
978 2443 1108 2484 poterin.

220 2511 454 2595 Pag.167‚17.
481 2534 602 2597 nepos
630 2513 679 2572 ab
709 2529 807 2596 equo
831 2507 1008 2568 desiluit.
1054 2505 1139 2564 Hanc
1164 2501 1215 2564 hi-

138 2596 262 2654 storiam
286 2594 352 2676 lego
374 2594 455 2676 apud
472 2597 636 2678 Gregoram
665 2595 711 2655 his
741 2591 852 2653 verbis.
894 2590 982 2649 Intra
1009 2608 1120 2668 paitcos
1140 2608 1213 2647 vcro

136 2677 200 2737 dies
218 2679 327 2760 etipse
346 2698 412 2737 cum
430 2698 489 2738 auo
511 2680 689 2760 imperatore
715 2689 783 2736 ante
805 2674 884 2733 urbis
916 2672 1034 2731 moenia
1060 2670 1213 2750 congiedi-

135 2771 193 2832 tur,
215 2781 281 2821 scne
302 2760 444 2821 imideiite
461 2781 556 2845 epita,
577 2782 642 2819 nun
662 2762 724 2842 ipsa
745 2757 873 2838 amplius
894 2775 952 2814 uno
970 2753 1065 2812 stadio
1085 2772 1127 2811 eac
1139 2773 1212 2834 equo

135 2841 347 2921 descendisset,
372 2864 427 2922 ae,
455 2845 591 2940 quamuis
615 2862 674 2902 avo
694 2841 813 2899 natinari
840 2839 1008 2918 refragante
1030 2848 1059 2894 et
1078 2846 1210 2907 vetante,

136 2937 235 2985 tamen
245 2925 338 3009 pedes
357 2939 484 3002 accessit,
505 2926 619 3011 eiusque
635 2943 708 3007 equo
719 2920 871 2982 iruidentis
890 2933 919 2979 et
930 2938 1051 2979 manum
1068 2929 1098 2976 et
1105 2914 1215 2998 pedem

135 3009 280 3068 osmlatus
301 3021 353 3073 est.
393 3007 513 3069 Deinde
541 3027 614 3093 equo
643 3027 742 3066 rursus
759 3023 930 3075 commemo,
960 3021 1025 3059 eum
1054 2999 1214 3080 amplexis

101 3150 108 3159 ,
135 3103 179 3149 est
208 3104 238 3151 et
270 3092 447 3153 osculantem
472 3110 582 3175 parum
612 3090 779 3150 osculatust
814 3086 969 3170 statimque
992 3102 1092 3166 pauca
1122 3092 1215 3165 atque

134 3173 230 3233 obiter
259 3175 394 3235 collocuti
420 3173 633 3251 discesseram,
667 3192 733 3231 sene
757 3172 790 3231 in
812 3169 912 3228 tabem
940 3185 1073 3238 reuersa,
1109 3162 1213 3221 adole-

134 3268 226 3316 scente
244 3277 319 3318 oero
341 3259 428 3317 iieeta
446 3255 549 3316 aedem
567 3266 767 3316 sacrosanctae
787 3250 851 3312 Dei
867 3248 1015 3331 genitricis
1037 3246 1137 3325 Pegae
1161 3263 1213 3302 ca-

135 3351 310 3406 strametata.
356 3338 417 3401 Ubi
433 3338 496 3399 di'es
522 3339 624 3424 plures
644 3348 847 3408 comnioranu,
879 3331 1006 3391 interdiu
1025 3330 1114 3388 etiam
1135 3324 1213 3422 Can·
1310 3370 1317 3380 .

135 3422 354 3507 staruinopoiim
374 3422 594 3503 ingrediebatur
611 3434 640 3481 et
659 3440 760 3479 rursus
779 3415 992 3498 egrediebanir.
1038 3410 1116 3471 tum
1132 3429 1214 3503 cni-m

44 3570 53 3581 ,
136 3505 224 3564 etim
246 3519 342 3570 mater
363 3508 443 3582 eiiii,
495 3507 583 3565 artim
615 3504 651 3564 ob
681 3501 884 3586 ufirmitatcm
904 3495 1070 3581 wedam,
1099 3503 1214 3574 partim

133 3600 258 3670 propter
276 3589 423 3649 carissimi
437 3527 510 3673 stin·
533 3585 765 3657 consuemdinem
786 3583 831 3644 ad
856 3580 980 3641 candem
999 3576 1104 3636 aedem
1131 3592 1213 3670 com·

136 3671 311 3736 morabatur.
352 3669 404 3729 Ibi
426 3691 493 3730 cum
514 3671 571 3729 itte
590 3671 680 3730 etiam
691 3666 821 3726 Simonis
838 3663 943 3743 agebat
963 3659 1130 3731 Graiaena,
1155 3674 1213 3715 im-

130 3756 278 3834 peratorii
286 3753 383 3839 filia,
405 3752 493 3812 modo
513 3774 530 3812 e
548 3751 658 3811 Seruio
683 3749 818 3827 defiuicto
838 3745 945 3804 marito
973 3760 1111 3816 reuersa,
1137 3756 1214 3820 quae

129 3845 216 3917 pam

136 3914 279 3978 Conferat
299 3931 399 3980 nostra
420 3937 492 3978 cum
524 3915 572 3976 bis
593 3913 706 3990 lector,
737 3911 851 3973 videbit
879 3910 1046 3989 Gregoram
1075 3903 1213 3983 tacuisse,

134 4018 214 4080 quac
233 4000 273 4059 ad
295 4002 418 4062 iunioris
439 4000 605 4061 Andronici
628 3998 776 4058 honorem
794 3991 955 4053 faciebant.
978 4008 1108 4050 ronrlu.
1171 4064 1177 4075 .

218 4081 295 4162 Pog.
316 4083 383 4161 168,
398 4087 428 4144 3.
460 4082 644 4164 ἀντιφιλεῖν.
702 4079 785 4159 Ergo
814 4073 892 4135 lilius
925 4092 978 4133 seu
1005 4071 1106 4131 iunior
1132 4083 1215 4145 prior
1277 4146 1281 4151 .

134 4162 336 4228 osculabatur.
377 4165 435 4227 Vel
455 4188 510 4249 pro
529 4185 566 4227 eo
588 4161 671 4245 (prod
698 4159 851 4223 dexterum
874 4158 973 4217 iunior
1002 4149 1214 4234 complectere-

173 4280 380 4336 Cautacuzenus
397 4281 447 4335 111.
812 4318 822 4333 ,
983 4283 1016 4336 η

240 3857 297 3912 ea,
326 3857 401 3921 quae
428 3836 497 3894 liinc
521 3834 591 3893 inde
611 3830 852 3901 smurrnbantnr,
885 3825 1007 3909 planius
1035 3819 1211 3905 exponebat.
