2900 4676
429 251 485 315 an
518 245 797 315 cauracumur
829 249 906 311 us.
936 249 963 310 r.
1143 217 1228 325 iis

161 404 368 489 Menologium
389 403 540 466 Graccum
557 423 576 464 a
591 399 700 463 Sirleto
718 397 871 462 cardinale
890 399 922 462 in
939 397 1081 462 Latinam
1099 398 1235 483 lluguaru

160 490 341 553 uanelatum
359 496 390 549 et
413 509 475 549 non
495 488 538 548 ita
557 485 674 567 pridem
693 482 867 567 ingolstadii
890 481 1025 561 editum,
1059 493 1091 547 et
1110 483 1235 546 Manuel

159 577 324 720 {uppem
344 569 557 714 ⁶⁰⁰3thbe
566 569 673 711 Felriis.
696 568 732 667 ln
753 566 899 664 honorem
924 564 987 709 eips
1001 564 1166 665 'mnditum
1188 577 1235 629 est

209 678 228 717 n
276 676 360 716 une
451 674 472 714 a
550 672 634 713 aeon
663 672 678 712 s
705 671 762 712 mar
783 670 822 710 ne
849 669 1063 715 monasterium
1114 670 1146 709 m
1214 671 1235 714 ο

162 740 213 801 die
237 736 330 800 natali
350 675 491 820 thirtyris
520 672 713 818 impersitires
741 672 1127 815 Cinctantinopolitaui’rei
1152 670 1235 793 diii·

161 842 220 884 nae
240 823 335 884 veteri
365 830 396 881 et
415 818 532 881 solen'ni
561 821 623 880 ritu
643 836 766 900 operam
786 815 919 893 dabant,
955 826 991 876 ut
1010 814 1114 877 scribit
1132 815 1235 877 Curn-

160 903 262 1050 palata
293 904 332 964 de
359 899 463 964 officiis
490 900 578 963 aulae
604 897 963 981 Cousmntinopclitauae.
1004 897 1051 960 Ex
1075 897 1236 961 duodecim
1357 911 1360 929 ³

184 985 303 1065 emulis,
322 1006 400 1069 quae
420 986 592 1067 imperatori
611 981 876 1067 praeferebantur,
908 1000 1006 1043 unum
1024 978 1121 1064 effigie
1139 984 1236 1044 sancti

160 1070 307 1133 Demetrii
328 1070 386 1131 insi
408 1069 505 1129 nitum
524 1078 589 1130 erat
609 1088 671 1128 una
688 1088 759 1129 curn
777 1063 958 1211 imaginibus
978 1066 1074 1125 sancfi
1092 1063 1236 1148 Procopii
1362 1116 1366 1125 .

160 1162 193 1214 et
216 1159 275 1215 utri
355 1091 546 1213 elhmdori
566 1161 745 1234 martyrum,
766 1159 802 1210 ut
822 1149 832 1209 i
855 1168 904 1209 em
926 1147 1108 1228 Curopalata
1131 1159 1236 1210 eumer

160 1244 218 1297 est.
238 1236 325 1317 Appe
337 1233 417 1296 latur
434 1225 644 1315 μυροβλύτης,
665 1236 736 1315 quia
757 1252 793 1294 ex
813 1252 898 1293 sacro
918 1230 982 1292 eius
1002 1250 1126 1313 corpore
1144 1233 1236 1294 variis

159 1316 355 1401 languoribus
382 1315 555 1398 morbisque
581 1314 718 1378 salutarie
745 1315 845 1397 liquor
873 1311 1039 1393 manabat,
1067 1313 1237 1376 cuiusmodi

157 1396 357 1481 μυροβλύται
377 1398 441 1461 divi
461 1409 533 1460 sunt
551 1411 672 1461 sanctus
695 1399 834 1460 Andreas
857 1395 1020 1479 apostolus,
1042 1405 1079 1458 ut
1097 1397 1153 1458 toti
1167 1396 1237 1460 orbi

160 1493 281 1556 notum,
296 1479 526 1564 exemplumque
544 1492 638 1543 exstat
649 1482 730 1564 apud
741 1481 926 1564 Gregorium
935 1480 1143 1542 Turonensem
1156 1477 1237 1543 libro

161 1562 201 1629 de
221 1565 317 1647 gloria
335 1565 507 1647 Martyrum
520 1564 649 1647 capiis.
670 1565 796 1627 &neon
817 1563 960 1626 Nicolaus
970 1564 1130 1644 Myrensis,
1144 1583 1238 1644 quern

161 1646 286 1709 Manuel
306 1648 468 1729 imperator
483 1650 515 1708 in
526 1668 582 1709 sua
591 1649 804 1709 constitutione
817 1656 905 1708 vocat
917 1638 1129 1725 μυροβλύτην.
1150 1644 1238 1724 Qua·

161 1739 232 1793 tuor
242 1729 287 1791 illi
296 1729 405 1792 milites
416 1730 611 1792 duodecimae
628 1728 763 1812 legionis,
782 1729 821 1789 de
836 1726 948 1812 quibus
959 1728 1124 1810 Procopius
1133 1725 1188 1794 lib.
1205 1750 1233 1793 r.

162 1811 201 1876 de
211 1813 351 1875 aediliciis
364 1814 530 1877 Iustiniani.
550 1813 658 1874 Sancta
669 1813 842 1891 catharina,
854 1822 955 1873 saneta
970 1809 1043 1871 Wal
1065 1812 1237 1893 urgis,tan·

160 1906 227 1957 etus
238 1894 415 1957 Bercbarius
426 1894 529 1970 abbas,
545 1895 584 1955 de
604 1915 667 1977 quo
684 1895 790 1956 Surius
805 1892 931 1957 tomos.
952 1892 1002 1955 die
1019 1915 1030 1954 r
1058 1893 1234 1972 ,Octobris

161 1998 196 2039 ex
214 1977 343 2059 Speculo
363 1978 523 2042 vincentii.
543 1976 682 2039 Plurima
701 1977 870 2061 edebantur
885 1977 925 2039 ad
945 1975 1119 2059 sepulcrum
1140 1980 1236 2040 sancti

159 2060 306 2121 Demetrii
315 2059 469 2125 miracula.
483 2061 689 2142 Quamobrem
700 2060 731 2123 in
740 2063 866 2124 Menaeo
874 2056 1122 2139 eavparovpyot
1129 2079 1237 2142 cogno·

159 2154 263 2205 mento
278 2143 464 2211 honestatur.
482 2145 525 2208 Et
543 2156 624 2207 certe
642 2144 832 2219 miraculum,
848 2143 931 2226 quod
941 2140 999 2202 hoc
1011 2138 1078 2203 loco
1086 2141 1238 2207 Cantacu-

163 2246 254 2288 renus
273 2238 500 2305 commemorat,
520 2226 610 2311 longe
638 2226 870 2290 illustrissimum
891 2236 936 2287 est
962 2223 1239 2307 dignissImumque,

159 2309 244 2391 quod
269 2330 373 2373 omnes
399 2315 462 2373 ima
488 2323 588 2373 mente
606 2322 763 2393 reponant.
804 2309 868 2372 Nec
887 2308 1068 2385 mirandum,
1089 2318 1153 2368 tam
1175 2310 1240 2370 exi·

158 2393 255 2456 mium
275 2392 454 2456 beneficium
474 2394 680 2457 inhominem
695 2394 872 2467 aliomana,
894 2390 954 2453 hoc
974 2399 1021 2452 est
1038 2410 1125 2467 sera,
1149 2390 1239 2455 eccle·

159 2476 203 2539 oia
223 2473 355 2538 alienum
375 2476 517 2543 collatum
537 2498 610 2551 esse,
634 2498 703 2539 cum
728 2476 921 2538 historiarum
942 2475 1145 2536 monumentis
1164 2496 1238 2556 pro-

158 2557 257 2619 ditum
276 2561 328 2635 sit,
350 2560 482 2642 iugentia
501 2560 647 2622 miracula
667 2559 828 2645 aliquando
848 2560 880 2620 iu
890 2557 1037 2620 Ethnicos
1056 2565 1088 2618 et
1106 2579 1127 2621 a
1149 2557 1238 2643 Chri-

158 2642 254 2704 stiam
274 2640 420 2724 religione
434 2664 556 2723 prorsus
576 2642 688 2706 alienos
708 2666 727 2708 a
746 2644 820 2704 viris
834 2643 954 2716 sanctu,
975 2637 1024 2703 vet
1045 2639 1149 2703 iamin
1169 2662 1239 2704 coe·

158 2721 223 2784 lum
243 2727 385 2806 receptis,
406 2723 456 2804 rel
486 2724 585 2787 adhuc
605 2728 699 2788 ritum
727 2725 884 2787 nobiscum
905 2720 1096 2807 agitantibus,
1119 2733 1238 2806 patrata

158 2826 231 2871 esse.
274 2808 435 2869 imitantur
457 2809 601 2870 nimirum
619 2808 834 2891 benignitatem
859 2808 977 2885 Patris,
1011 2806 1065 2887 qui
1093 2806 1125 2867 in
1146 2805 1239 2870 coelis

157 2899 215 2967 est,
256 2893 310 2975 qui
340 2891 432 2951 solem
454 2913 537 2953 smmi
571 2892 649 2952 eriri
667 2892 757 2972 facit
785 2913 873 2976 asper
899 2891 989 2952 bonos
1011 2902 1042 2950 et
1065 2888 1179 2963 matos,
1207 2904 1240 2953 ct

156 2972 240 3056 pluit
255 2994 344 3058 super
357 2973 445 3035 iratos
470 2987 501 3034 et
523 2974 666 3063 muratos,
691 2972 803 3035 Mutth.
825 2973 855 3040 5.
895 2974 993 3056 Super
1012 2969 1080 3032 illos
1100 2972 1236 3055 quidem,

160 3064 197 3117 nt
215 3056 248 3116 iu
269 3054 405 3119 bonitate
424 3066 455 3118 et
474 3057 588 3119 iustitia
607 3058 848 3140 perseverentia
870 3058 933 3118 dies
976 3072 994 3115 e
1015 3054 1144 3117 maiores
1163 3077 1238 3138 pro·

156 3157 273 3219 gressus
293 3137 429 3218 faciam,
455 3160 545 3222 anper
564 3140 622 3203 hos
639 3152 761 3219 numm,
796 3149 870 3202 uta
891 3161 939 3202 ma
953 3139 1005 3201 'tia
1026 3149 1057 3199 et
1078 3139 1237 3219 iniustitia,

156 3230 187 3282 et
205 3241 225 3282 a
247 3223 349 3304 pravis
368 3221 633 3304 persuasionibus,
658 3222 770 3306 quibus
789 3222 869 3285 circa
888 3222 1073 3286 Christianae
1091 3220 1161 3283 fidei
1181 3222 1236 3285 do·

156 3313 256 3384 gmata
277 3304 388 3367 imbuti
407 3316 490 3384 aunt,
511 3316 702 3369 revocentur.
742 3305 847 3388 Neque
868 3308 950 3367 enim
975 3301 1156 3367 miraculum
1176 3304 1237 3369 hoc

155 3405 211 3466 per
221 3397 386 3471 martyrem
405 3387 594 3451 Demetrium
614 3390 729 3452 editum
750 3399 806 3463 est,
828 3398 863 3450 ut
881 3398 935 3450 aut
954 3386 1160 3462 Andronicus,
1182 3399 1236 3451 aut

155 3466 207 3535 ulii
228 3471 260 3530 in
283 3491 338 3533 sua
359 3492 377 3534 a
396 3492 469 3534 rere
490 3471 613 3538 ecclesia
636 3473 801 3534 secessione
821 3472 1091 3548 confirmarentur,
1122 3470 1176 3532 sed
1198 3482 1236 3534 ut

155 3550 331 3634 invocatio,
361 3553 447 3616 cultu
470 3566 643 3618 sanctorum
669 3566 700 3617 et
725 3555 781 3617 reli
805 3558 922 3618 uiarum
951 3552 1129 3617 mortalibus
1148 3574 1235 3617 com·

154 3636 359 3710 mandaretur,
381 3648 475 3721 utque
495 3657 514 3700 a
535 3658 609 3699 vero
630 3641 752 3700 tramite
833 3650 970 3713 rrantes,
998 3635 1059 3697 hoc
1078 3636 1164 3699 velut
1183 3635 1234 3699 lu-

154 3718 235 3780 mine
254 3719 400 3782 divinitus
420 3722 512 3781 misso
532 3717 683 3799 illmtrati,
704 3720 744 3782 ad
765 3720 920 3782 ecclesiam
938 3719 1022 3780 illam
1043 3731 1234 3784 reverteren·
1331 3726 1335 3731 “
1362 3727 1367 3737 ’

154 3808 217 3875 tur,
238 3800 269 3862 in
288 3823 349 3886 qua
367 3822 423 3885 pro
435 3801 547 3863 Christi
566 3804 689 3864 nomine
711 3805 883 3866 Demetrius
905 3801 1079 3885 sanguinem
1099 3801 1230 3866 fuderat.

155 3880 239 3960 Quid
259 3888 337 3948 enim
358 3883 441 3947 aliud
460 3894 531 3948 sunt
555 3895 607 3947 aut
631 3889 727 3947 sancti
746 3888 887 3969 martyris
906 3883 1051 3947 Demetrii
1074 3885 1231 3964 miracula,

153 3974 207 4025 aut
223 3964 299 4041 illa,
334 3990 411 4054 quae
437 3969 470 4030 in
497 3966 611 4051 templo
637 3968 726 4031 divae
751 3969 885 4053 Virginis
911 3969 1173 4051 Constantinopoli
1192 3969 1233 4031 ad

151 4044 264 4110 Fontes
282 4048 377 4131 dicto,
399 4064 452 4115 aut
472 4050 544 4113 alibi
565 4072 619 4133 per
640 4074 689 4115 res
708 4073 826 4128 sacras,
848 4064 883 4114 ut
902 4073 957 4136 per
978 4050 1142 4132 reliquias,
1165 4050 1231 4113 ole-

150 4151 205 4197 um
224 4129 424 4214 benedictum,
448 4155 557 4220 aquam
573 4134 748 4214 lustralem,
772 4135 960 4220 signaculum
979 4144 1098 4200 sanctae
1117 4134 1227 4214 mucis,
