3020 4684
129 416 134 425 Ο
220 318 301 403 292
607 313 888 382 CANTACUZEM

61 477 92 531 Δ.
104 476 132 528 C.
144 464 304 548 rtbtr‘ioou
323 469 384 549 μὲν
404 461 444 533 άν
464 468 583 532 δέοιντο
601 461 677 551 πρὸς
699 488 732 529 τε
752 460 787 528 τὸ
810 460 1044 548 μισθοφορικὸν
1077 463 1131 546 τῆς
1150 464 1321 545 στρατιάς·

38 552 41 559 Α
217 570 274 635 κατ’
291 570 355 633 τοῖν
374 569 528 651 τριηρέων
547 561 753 649 παρασκευὴν
785 561 841 629 καὶ
869 563 926 638 τοὶς
946 557 1081 637 δἐοάσας
1108 560 1219 645 ἐτέρας
1238 563 1295 645 δη-

216 668 331 751 μοσίας
351 664 532 750 διοικήσεις,
556 663 617 728 ὑπὸ
640 667 703 728 τάν
729 659 913 747 πρυτάνεων
921 713 933 744 ,
956 656 1059 746 ὥσπερ
1083 660 1176 741 ἔθος,
1197 663 1301 725 ταῦτα

217 764 457 831 ἀναλίσκεσθαι·
502 761 524 828 ἃ
553 767 580 827 δ’
614 759 654 829 άν
690 763 870 827 enarratum
901 763 1044 827 ἐπέκεινα
1078 765 1134 845 τῆς
1166 762 1303 844 χρείας,

216 862 600 946 ταῦτακσνμμεριζεσβαι
626 858 700 939 τούς
733 865 884 944 βασιλέας
913 862 976 927 τοῖν
1002 857 1081 944 πρὸς
1107 858 1167 934 τάς
1202 854 1333 935 οἰκέας5

218 965 311 1030 ἕνεκα
336 959 554 1044 ἀναλωμάτων
575 959 684 1045 ἐπίσης
704 956 881 1045 ἑκατέρους.
922 954 1041 1029 τούτων
1070 961 1106 1024 δὲ
1133 960 1174 1024 οδ
1193 957 1305 1040 δεόμε-

219 1085 271 1137 νος
301 1059 453 1143 βασιλεύς
488 1060 506 1123 d
528 1058 792 1145 Καντακοοζηνός
819 1059 931 1146 ἀπῄτει
961 1056 1036 1134 τούς
1064 1053 1197 1142 ὅρκους,
1220 1053 1307 1146 (ᾔδει

187 1159 277 1246 ομάρ
300 1157 517 1244 ἀναχωρήσων
535 1162 598 1224 τῶν
619 1156 813 1243 πραγμάτων
833 1153 1004 1245 τάχιστα,)
1025 1160 1119 1242 τιμῆς
1151 1159 1188 1222 δὲ
1205 1153 1306 1240 μόνης

217 1260 307 1325 ἕνεκα
327 1261 387 1323 τοῦ
406 1257 451 1342 μή
473 1262 660 1341 νομίζεσθαι
682 1256 812 1324 ἔλαττον
828 1261 887 1337 τοῦ
905 1259 978 1322 νέον
997 1257 1153 1340 βασιλέως
1175 1257 1305 1341 ἐσχηκέ-

215 1383 281 1424 ναι.
323 1369 389 1433 τοῖς
411 1382 444 1423 τε
465 1355 697 1443 πεπολεμηκόοι
717 1355 798 1442 πρὸς
818 1353 939 1432 αάτοάς
968 1352 1048 1441 δπέρ
1080 1354 1223 1440 ἀλλήλων
1241 1378 1303 1439 μη-
1317 1373 1352 1416 ιο

217 1455 329 1540 δεμίαν
351 1457 545 1542 εἰσπράττειν
573 1458 670 1542 δι’κην,
690 1455 770 1541 μήτε
791 1453 1056 1541 Καντακοοζηνὸν
1083 1453 1138 1521 τὸν
1157 1454 1304 1537 βασιλέα,

217 1553 370 1640 μητελτόν
388 1555 542 1640 γαμβρὸν,
560 1558 778 1640 ἀμυνομένους
795 1560 849 1641 τῆς
862 1556 906 1630 οἷς
928 1552 1048 1632 αάτοάς
1068 1551 1305 1639 ἀγνωμοσύνης,

217 1657 299 1740 μήτε
322 1653 448 1733 ζάντων
469 1650 661 1742 ἀμφοτέρων
680 1660 849 1739 βασιλέων,
870 1653 945 1738 μήτ’
965 1657 997 1720 εἰ
1008 1659 1151 1739 συμβαίη
1169 1650 1223 1719 τὸν
1243 1651 1311 1718 ἓτε-

219 1778 275 1841 ρον
297 1758 448 1838 γενέσθαι
467 1758 501 1833 ἐξ
521 1756 723 1840 ἀνθρώπων,
767 1753 848 1820 ἀλλά
870 1756 975 1823 πᾶσαν
1007 1754 1181 1839 ἀμνηοτιάν
1210 1755 1311 1837 παρέ-

217 1878 289 1938 χειν
318 1860 380 1918 miv
404 1858 646 1939 ιτετολμημένων
676 1853 732 1921 κατ’
749 1850 828 1938 μήτε
850 1853 1043 1939 προσόδων,
1075 1852 1156 1938 μήτε
1177 1850 1358 1917 orirer-15

218 1955 289 2034 μάν
312 1952 512 2037 ἀποστερεῖν,
529 1950 570 2029 ἀς
584 1953 709 2037 έχουσι.
749 1957 926 2020 Moriatur
946 1955 982 2018 δέ
994 1954 1129 2041 βασιλέα
1148 1948 1204 2016 τὸν
1219 1952 1310 2015 Καν-

222 2049 413 2136 τακονζηνὸν
432 2054 567 2133 μένοντα
588 2050 642 2118 ἐπέ
660 2055 717 2118 τοῦ
740 2050 924 2137 σχήματος,
945 2050 1004 2137 την
1024 2053 1199 2135 Ἀδριανοῦ
1220 2051 1312 2114 κατέ-

111 2167 146 2226 v,
162 2170 213 2238 693
220 2174 293 2233 χειν
313 2149 368 2215 καὶ
388 2148 445 2226 τάς
466 2149 547 2215 κατά
572 2149 630 2236 τὴν
639 2148 793 2236 Ῥοδόπην
811 2160 875 2228 τοῖς
894 2151 1063 2234 Ῥωμαίοις
1075 2148 1234 2236 άπηκόοας
1253 2144 1310 2212 πά-

188 2257 297 2331 utere,
321 2245 375 2311 διά
390 2253 462 2331 βίον
486 2245 659 2332 αάτδνομον
681 2242 757 2315 ὄντα
779 2248 833 2315 καὶ
855 2249 1030 2315 ἀνεύθυνον
1050 2253 1238 2334 κεκτημένον
1251 2244 1309 2331 την

224 2342 404 2436 ἀρχὴν,καί
421 2350 556 2432 βασιλέα
577 2349 633 2415 τόν
646 2352 715 2415 νέον
734 2351 880 2437 Ἰωάννην
893 2348 1030 2431 πόλεμον
1049 2352 1203 2434 μηδέποτε
1230 2345 1361 2432 πρὸςοο

223 2449 340 2514 ἐκεῖνον
351 2448 427 2529 περὶ
441 2451 504 2512 τῶν
522 2449 732 2529 ἐνδεδομένων
744 2445 863 2514 πόλεων
876 2458 983 2515 κινεῖν.
1003 2449 1059 2515 ἐπὶ
1075 2444 1202 2524 τούτοις
1218 2448 1253 2512 δέ
1273 2447 1312 2511 ἀ-

222 2547 374 2610 ποδοῦναι
387 2544 652 2630 Καντακοοζηνὸν
671 2544 724 2610 τὸν
737 2549 872 2628 βασιλέα
893 2550 938 2635 τῷ
952 2548 1010 2637 νέῳ
1032 2547 1088 2613 καί
1102 2547 1137 2614 τδ
1160 2544 1238 2615 κατά
1255 2542 1313 2631 την

225 2647 360 2728 Χρασῆν
380 2646 574 2728 καλουμένην
594 2647 696 2731 πάλην
710 2640 877 2732 φρούριον,
900 2644 1071 2731 δκατεῑχεν
1091 2644 1190 2722 αάτός
1213 2667 1314 2731 φρον-

228 2748 272 2833 ρᾷ
295 2746 465 2832 Λατινικῇ,
486 2740 723 2830 καρτερώτατον
743 2737 779 2810 ὂν
804 2749 862 2810 καί
879 2740 1038 2814 ἀνάλωτον
1060 2742 1177 2830 σχεδὸν
1199 2748 1234 2811 έκ
1258 2746 1316 2830 τῆς

226 2946 258 2992 nt
277 2946 378 3002 antea,
396 2942 506 2993 coleret
544 2941 585 2994 De
609 2942 725 3011 pecunia
742 2955 895 2994 annnorum
918 2943 1114 3010 vectigalium,
1130 2948 1264 3065 puratum
1282 2944 1316 2991 et

227 3008 263 3061 ad
281 3009 419 3078 stipendia
449 3011 581 3063 militaria
610 3012 691 3063 etad
711 3013 864 3064 triremium
890 3022 1048 3082 apparatum
1067 3020 1128 3066 eta
1179 3012 1229 3063 reli
1252 3026 1314 3061 uam

120 3118 126 3133 ι
228 3081 337 3148 imperii
349 3077 614 3135 administrationem
633 3080 775 3145 rufficeret,
785 3098 800 3131 a
811 3085 1002 3152 quaestoribus
1019 3089 1215 3136 numeraretur·
1231 3026 1319 3149 Quod

228 3156 352 3210 restaret,
370 3151 400 3201 id
417 3153 592 3219 imperatorer
611 3149 644 3203 ad
664 3151 827 3204 domestieoa
845 3162 968 3223 sumptus
986 3170 1123 3226 exaequo
1140 3157 1317 3222 partirentur.

230 3221 434 3272 Cautucuzenus
454 3236 619 3292 quamquam
639 3222 681 3273 bie
699 3239 756 3275 uon
781 3230 881 3293 egeret,
903 3225 1052 3294 (cogitabat
1076 3227 1196 3277 enimse
1217 3237 1318 3292 prope-

230 3289 304 3342 diem
322 3286 517 3341 monachorum
535 3291 626 3344 ordini
647 3290 822 3363 adscribere)
851 3302 944 3349 tamen
961 3295 1046 3348 solius
1073 3293 1186 3349 honorio
1215 3292 1321 3361 gratia,

230 3377 267 3412 ne
285 3360 394 3411 iuniore
421 3361 584 3429 imperatore
614 3361 729 3416 inferior
747 3369 904 3432 putaretur,
931 3367 1115 3417 iuramentum
1142 3361 1318 3433 postulabat:

232 3436 264 3482 ut
284 3437 382 3482 neuter
400 3429 433 3481 ab
453 3430 499 3493 tir,
518 3432 565 3501 qui
587 3442 680 3486 contra
700 3449 797 3503 repro
819 3435 904 3489 altero
924 3444 1107 3505 pugnassent,
1132 3434 1252 3489 iniuriae
1274 3429 1320 3482 ui-

233 3500 376 3552 etrcendae
396 3516 499 3570 poenae
518 3513 681 3571 reposceret,
698 3520 789 3574 neque
808 3506 942 3557 ambobus
961 3506 1136 3567 virentibua,
1160 3519 1251 3572 neque
1268 3502 1321 3553 de·

234 3571 330 3623 functo
355 3572 460 3632 altero,
487 3572 534 3625 sed
558 3572 719 3627 delictorum
746 3575 917 3628 immemorer
936 3576 1079 3638 funditur,
1100 3592 1151 3627 nee
1183 3571 1321 3627 reditibus

235 3658 292 3703 eor,
310 3656 361 3691 nec
379 3640 568 3710 dignitatibus,
589 3662 657 3711 quas
675 3653 809 3714 gererent,
827 3649 962 3717 privatum
991 3649 1080 3703 irent:
1115 3652 1147 3697 ut
1164 3641 1321 3695 Matthaeus

236 3710 441 3763 Cautacuzenus
469 3714 571 3765 cultum
598 3718 802 3785 imperatorium
838 3725 866 3769 et
883 3716 1090 3786 Adriauopoiim
1118 3733 1179 3767 cum
1204 3713 1322 3765 urbibus

236 3780 393 3852 Rhodopen,
410 3783 502 3853 quoad
521 3785 640 3848 viveret,
661 3787 802 3849 retineret,
822 3786 893 3840 iiber
918 3788 998 3855 piane
1021 3796 1049 3840 et
1074 3789 1105 3840 in
1123 3785 1230 3838 ratione
1257 3780 1323 3834 red-

238 3851 328 3903 denda
347 3853 486 3923 subiectus
510 3857 627 3908 nemini:
655 3864 741 3978 utpue
766 3857 882 3911 ioannes
908 3858 1058 3927 imperator
1082 3862 1195 3926 propter
1219 3852 1323 3922 oppida

237 3922 339 3974 tradita
359 3940 501 3993 nunquam
517 3927 541 3976 ei
561 3927 666 3978 betium
700 3935 808 3979 acereta
844 3936 876 3979 ut
893 3926 1098 3981 Cantacuaeuua
1115 3927 1262 3995 imperator
1280 3922 1325 3973 iu·

238 3994 311 4044 niori
331 3996 564 4112 propugnaculum
584 4004 678 4065 portae
697 3997 803 4048 Aureae
823 4000 999 4062 restitueret,
1016 3997 1092 4069 quod
1109 3995 1249 4066 praesidio
1268 3993 1325 4044 La·

239 4064 299 4113 tino
318 4071 381 4115 tene
403 4073 440 4127 at,
461 4066 643 4119 firmiaaimum
663 4082 727 4117 rane
750 4075 779 4118 et
797 4065 832 4119 ob
851 4076 1012 4122 structuram
1032 4066 1229 4138 propemodum
1246 4064 1326 4115 inex-

238 4134 402 4202 pugnabile:
424 4137 468 4188 cui
487 4142 574 4188 turres
594 4144 672 4190 erant
689 4134 772 4187 binae
791 4153 825 4190 ex
842 4138 898 4205 iia,
926 4155 997 4209 quae
1015 4146 1080 4189 aunt
1096 4139 1127 4190 in
1146 4135 1253 4188 ambitu
1276 4149 1325 4185 eeu

242 4203 278 4258 ad
294 4207 404 4258 moenia
423 4207 561 4274 Byzantii,
589 4210 755 4281 inquorum
772 4206 863 4262 medio
889 4225 940 4280 per
956 4215 1064 4282 portam
1082 4208 1159 4261 iiiam
1188 4204 1327 4269 aditoria
