2900 4676
220 218 305 321 dda
598 236 909 307 multisonus

220 399 364 482 imagines
385 407 443 463 etc.
461 395 495 456 la
508 392 736 470 schismaticos,
771 394 957 470 haereticos,
981 395 1111 458 ludaeos
1139 407 1170 458 et
1188 392 1304 461 Ethai·

218 500 270 544 cos
293 483 370 544 facta
389 489 471 556 sunt,
492 499 583 562 mam
602 480 802 540 invitamenta
822 479 970 561 quaedam
995 491 1026 541 et
1046 482 1240 563 incitamenta
1260 484 1302 545 ad

218 585 338 643 venam,
350 567 444 626 immo
459 573 489 626 et
502 561 704 637 stabilimenta
725 564 809 622 veri?
830 563 935 645 Neque
955 565 1036 624 enim
1056 564 1122 625 fieri
1139 575 1248 646 potest,
1263 578 1301 628 ut

216 649 301 711 Dan
320 648 383 709 ulla
395 644 541 708 miracula
563 643 786 706 confirmandae
808 643 929 708 falsitati
949 655 1003 708 aut
1022 648 1084 729 ipse
1103 669 1158 729 per
1181 670 1225 729 se,
1245 661 1300 711 aut

218 753 277 819 per
293 731 367 792 alios
391 731 480 802 edat,
505 749 576 790 cum
595 731 679 790 testis
700 727 792 791 falsus
819 738 850 789 et
869 728 935 791 falsi
968 750 1032 791 esse
1055 741 1193 813 nequeat.
1234 733 1299 794 Ve-

220 826 291 878 rum
310 814 398 876 multi
418 812 592 886 turbantur,
603 830 674 873 oum
693 811 831 891 audiunt,
842 823 924 873 extra
938 810 1093 877 ecclesiam
1105 835 1210 883 unam,
1225 836 1298 876 san·

220 908 312 976 cmm,
334 895 513 959 catholicam
534 904 565 957 et
583 894 776 978 apostolicam
795 895 940 958 miracula
959 896 1034 956 fieri.
1057 897 1101 958 At
1123 918 1231 958 causae
1248 901 1298 959 ni-

216 981 263 1043 hil
285 991 343 1056 est,
376 1000 432 1042 cur
456 989 510 1041 aut
537 999 570 1040 se
604 989 659 1040 ant
682 977 757 1040 alios
787 979 922 1041 turbent.
962 979 1041 1040 Nam
1070 980 1193 1041 silium
1213 993 1298 1043 extra

215 1064 384 1143 ecclesiam,
401 1063 479 1124 fiunt
489 1073 589 1123 tamen
601 1073 654 1125 aut
668 1061 708 1123 ab
727 1065 780 1137 eis,
797 1064 861 1146 qui,
882 1062 958 1124 dum
976 1064 1126 1142 viverent,
1154 1062 1300 1125 ecclesiae

212 1147 368 1209 militantis
388 1145 525 1208 membra
545 1157 652 1225 eram,
674 1155 727 1206 aut
744 1167 800 1230 per
820 1165 869 1207 res
891 1166 981 1207 verne
1001 1144 1158 1222 ecclesiae,
1190 1150 1296 1208 autin

212 1231 470 1293 confirmationem
488 1229 664 1311 dogmatum
684 1248 774 1292 verae
792 1227 954 1308 eeclesiae,
989 1230 1105 1290 etiamsi
1138 1241 1298 1312 patrentur

211 1316 245 1375 iu
265 1313 352 1390 illos,
382 1315 436 1396 qui
457 1332 544 1374 verae
565 1311 706 1374 ecclesiae
724 1333 786 1374 non
808 1322 879 1374 sunt
902 1315 1004 1377 civesr
1026 1330 1117 1373 nemo
1137 1316 1218 1373 enim
1234 1334 1296 1375 un-

210 1416 303 1481 quam
324 1397 448 1475 dixerit,
467 1394 587 1457 nullum
609 1393 792 1457 miraculum
812 1396 1000 1479 lieriposse,
1021 1397 1082 1456 nisi
1102 1416 1173 1478 erga
1193 1395 1295 1476 illum,

198 1481 267 1563 'qui
287 1480 326 1541 sit
345 1499 433 1541 verae
460 1478 601 1541 ecclcsiae
698 1521 706 1539 .
750 1479 834 1561 Ergo
854 1480 898 1557 si,
929 1481 983 1562 qui
1005 1478 1078 1540 hinc
1090 1550 1094 1555 Ι
1106 1478 1145 1540 ad
1168 1477 1296 1541 alteram

194 1565 307 1624 ‚vium
328 1563 361 1623 in
380 1561 547 1627 catholicae
566 1582 618 1623 ecc
629 1564 707 1623 esiae
720 1564 933 1623 communione
949 1562 1127 1644 migrarunt,
1148 1561 1295 1624 miracula

209 1657 395 1728 operentur,
425 1648 490 1708 sive
507 1666 563 1727 per
583 1643 700 1790 lipsana
729 1648 777 1707 sui
804 1646 961 1728 corporis,
996 1648 1059 1705 sire
1088 1646 1218 1706 invocati
1239 1667 1298 1790 per

210 1749 314 1812 preces
337 1731 402 1791 sina
424 1739 600 1812 respectus
640 1729 806 1810 reliquias,
831 1729 894 1792 sire
913 1727 973 1790 alio
992 1727 1108 1805 modo,
1129 1748 1192 1789 non
1212 1749 1244 1789 sc
1268 1731 1294 1776 ‘-

210 1804 379 1893 smaticam',
399 1811 606 1891 haercticam,
627 1822 680 1873 aut
698 1812 861 1874 ethnicam
873 1811 1031 1895 perfidiam
1059 1820 1090 1873 et
1109 1814 1294 1892 superstitio·

207 1917 290 1971 nem,
314 1896 368 1957 sed
389 1916 457 1958 eam
478 1896 661 1958 confirmant
680 1894 771 1956 fidem
790 1904 822 1955 et
844 1894 1021 1975 ecclesiam,
1041 1895 1128 1956 cuius
1149 1895 1297 1956 benclicio

210 1998 247 2041 ex
267 1978 408 2040 fluctibus
433 1978 526 2040 huius
545 1980 626 2041 vitae
646 1977 686 2039 ad
707 1989 847 2040 aeternae
865 1978 1063 2041 beatitudinis
1081 1977 1294 2061 tranquillissi-

212 2082 298 2124 mum
317 2073 441 2146 portum
465 2071 678 2144 pervenerunt.
719 2061 792 2123 Pari
819 2061 910 2123 modo
930 2083 1001 2123 cum
1025 2061 1106 2143 apud
1125 2072 1297 2145 segregatos

207 2145 249 2208 ab
274 2146 398 2208 ecclesia
417 2144 565 2207 miracula
585 2143 717 2206 eduntur
737 2165 792 2231 per
812 2147 933 2228 signum
953 2155 1073 2206 mactae
1092 2146 1207 2220 amnis,
1238 2165 1295 2226 per

211 2249 322 2313 aquam
352 2227 530 2307 lustralem,
562 2247 619 2310 per
646 2226 748 2289 oleum
768 2228 986 2306 benedictum,
1017 2249 1073 2310 per
1102 2230 1292 2301 exorcismos,

165 2378 168 2384 ,
207 2334 323 2396 perque
341 2313 401 2374 alia
419 2312 510 2373 huius
530 2310 647 2392 generis
676 2310 861 2373 mirabilium
881 2309 1041 2373 effectuum
1063 2331 1197 2393 organa,
1230 2332 1292 2371 non

208 2395 336 2469 alienae,
357 2395 409 2456 sed
429 2405 550 2455 nostrae
568 2393 637 2453 fidei
651 2403 682 2454 et
701 2393 842 2456 ecclesiae
861 2394 956 2455 robur
976 2405 1006 2455 et
1026 2397 1189 2455 auotoritas
1207 2415 1293 2454 acoe-

207 2477 263 2540 dit.
305 2478 389 2538 Haec
408 2478 489 2537 enim
510 2475 582 2537 lieet
601 2474 642 2535 ab
662 2475 837 2560 alienigenis
856 2489 1062 2559 usurpentur,
1085 2477 1225 2540 ecclesiae
1244 2488 1294 2538 ta·

207 2579 278 2622 men
297 2557 464 2621 catholicae
483 2559 605 2642 propria
626 2570 697 2620 sunt
716 2582 752 2621 ac
772 2558 912 2703 ppoinde,
933 2560 1118 2642 ubicumque
1131 2564 1194 2623 vim
1205 2581 1294 2622 suam

207 2653 359 2719 exserrmt,
390 2662 457 2704 eam
476 2663 540 2703 non
555 2643 613 2703 nisi
633 2652 668 2702 ut
687 2642 776 2704 catha
791 2645 853 2705 'cae
871 2643 1012 2706 eccleciae
1034 2645 1234 2705 instrumenta
1262 2653 1294 2705 et

166 2790 174 2806 ‚
205 2737 385 2789 ornamenta
407 2736 560 2805 exserunt,
581 2727 672 2787 etiam
691 2727 724 2788 in
746 2746 810 2787 nou
830 2725 1003 2805 catholicos,
1024 2729 1097 2810 quia
1117 2732 1214 2810 gratia
1233 2727 1293 2786 Dei

207 2810 292 2875 dives
312 2812 346 2871 in
370 2830 497 2888 omnes,
518 2808 567 2869 his
587 2829 727 2892 quoque,
751 2811 803 2895 qui
825 2819 910 2872 extra
934 2831 965 2872 se
987 2821 1018 2871 ta
1039 2810 1182 2872 dominici
1203 2808 1293 2871 ovilis

206 2900 377 2979 sugantur,
413 2891 601 2955 liberalitatis
622 2914 693 2953 suae
714 2892 811 2955 fontes
832 2912 896 2955 nou
917 2832 1057 2960 occludit.
1099 2895 1295 2976 Quapropter

206 2979 350 3061 wando,
381 2988 418 3038 ut
447 2977 585 3038 Socrates
615 2975 719 3038 scribit
742 2975 796 3041 lib.
817 2998 848 3058 ρ.
871 2996 937 3058 εερ.
964 2997 1024 3060 ι7.,
1046 2996 1124 3060 aqua
1152 2976 1294 3059 baptismi

208 3064 344 3136 evanuit,
367 3081 438 3122 eum
463 3059 592 3120 iudaeus
612 3058 736 3142 quidam
756 3060 924 3141 impostor,
943 3061 1006 3120 iam
1025 3070 1096 3120 aute
1114 3060 1297 3142 baptismate

210 3166 231 3207 a
253 3143 401 3207 catholico
420 3144 561 3225 episcopo
573 3144 696 3216 tinctus,
719 3142 819 3205 denuo
839 3163 858 3204 a
877 3142 1045 3205 Novatiano
1070 3142 1214 3205 Antistitc
1235 3143 1295 3204 ba-

230 3229 318 3289 tinari
338 3225 442 3303 vellet,
462 3226 643 3288 mirandum
670 3226 747 3289 illud
767 3248 829 3289 non
850 3226 978 3304 accidit,
996 3236 1032 3288 ut
1051 3226 1294 3288 Novatianorum

208 3248 340 3372 laeresis
358 3309 542 3383 firmaretur,
562 3309 616 3370 sed
637 3319 674 3370 ut
692 3312 804 3372 veritas
827 3308 992 3374 catholicae
1013 3311 1153 3373 ecclesiae
1172 3310 1213 3373 de
1242 3309 1295 3371 ba-

208 3395 321 3477 ptismo
335 3412 397 3453 non
409 3390 547 3452 iterando
558 3390 825 3459 demonstraretur.
848 3394 898 3454 Sic
916 3414 988 3455 cum
1007 3415 1062 3477 per
1082 3395 1202 3476 signum
1221 3413 1294 3454 san-

208 3488 277 3539 otae
296 3477 413 3555 crucis,
440 3494 495 3554 pen
515 3475 684 3554 imagines,
712 3496 768 3557 per
787 3474 902 3558 lipsana
921 3476 1081 3552 divorum,
1107 3498 1162 3559 per
1182 3497 1294 3560 aquam

207 3559 346 3643 precibus
366 3556 506 3621 ecclesiae
525 3569 742 3631 consecratam,
763 3580 819 3642 per
836 3563 1017 3624 exorcismos
1056 3571 1087 3622 et
1117 3582 1174 3643 per
1192 3569 1326 3625 cetera,
1433 3570 1434 3587 ¹

207 3643 341 3705 eiusdem
363 3642 480 3721 classis,
500 3651 553 3703 aut
572 3642 687 3705 coelitis
707 3641 833 3705 alicuius
853 3643 996 3729 singulari
1016 3646 1119 3708 favore
1138 3655 1169 3706 et
1187 3654 1293 3727 patro·

206 3726 303 3803 clnio,
328 3726 409 3810 apud
430 3724 611 3806 haereticos,
630 3725 834 3790 schismaticos
862 3739 893 3790 et
926 3727 1061 3790 ethnicos
1084 3748 1177 3810 opera
1197 3746 1292 3811 quae-

207 3809 278 3871 dam
291 3820 417 3871 naturae
436 3814 500 3872 vim
516 3821 546 3872 et
566 3811 739 3873 facultatem
751 3812 924 3893 superantia
938 3814 1093 3892 eveniunt,
1108 3832 1144 3872 ea
1157 3810 1218 3872 alio
1231 3810 1297 3871 lino

206 3912 270 3955 non
282 3896 439 3973 eveniunt,
451 3914 544 3976 Qum
557 3907 592 3956 ut
603 3917 621 3957 a
633 3894 797 3958 radiolicae
814 3895 954 3962 ecclesiae
965 3894 1025 3959 fide
1037 3906 1068 3958 et
1079 3893 1294 3956 communione

207 3975 418 4039 aberrantibus
438 3977 571 4039 eiusdem
589 3981 757 4062 integritas,
778 3981 918 4042 sanctitas
934 3991 965 4043 et
985 3980 1139 4042 sinceritas
1154 3977 1291 4061 patefiat.

207 4060 267 4122 Sed
292 4060 367 4144 quid
388 4060 570 4140 dicendum,
600 4065 625 4124 si
646 4060 791 4124 miracula
818 4084 880 4124 non
902 4062 993 4125 modo
1022 4066 1054 4123 iu
1074 4062 1289 4135 schismaticos,

207 4143 373 4212 haereticos
391 4155 422 4208 et
442 4143 577 4208 ethnicos
597 4166 616 4207 a
636 4150 745 4210 sanctis
765 4148 798 4208 in
819 4145 929 4225 coelo,
951 4168 1005 4230 per
1022 4146 1192 4234 relicprias,
1213 4145 1293 4207 ima-
