2900 4676
372 296 428 361 ln
462 291 743 362 mmscuznm
769 296 843 363 uu.
863 298 919 360 111.
1131 267 1214 354 525
1329 324 1332 351 .

134 452 278 527 dentem,
293 453 374 516 tacu
394 474 500 517 versus
518 453 647 516 caudam
667 472 837 529 conversa,
857 466 889 513 et
916 452 1151 535 ignonsiuiosum
1179 454 1219 518 de

135 559 172 599 eo
200 535 392 619 triumphum
425 539 496 621 egit.
538 539 672 599 Zonaras
700 539 735 597 in
764 536 958 678 copronymo
991 545 1023 597 et
1052 535 1238 621 cedrenus.¹

136 621 185 682 De
215 623 352 683 Beatrice
381 622 538 705 Augusta,
569 620 718 682 Friderici
749 620 808 680 Bar
830 639 949 681 arossae
981 640 1074 683 uxore
1114 622 1219 685 scribit

135 703 217 764 idem
249 701 418 766 Gulielmus
451 703 622 766 Paradinus
650 703 689 764 de
719 703 845 784 antiquo
873 713 953 765 statu
974 702 1164 787 burgundiae
1187 718 1220 769 et

135 786 275 868 Sigonius
294 787 368 848 der
425 786 707 850 altumaltum.
738 784 913 851 Affectaest
931 796 1033 853 autem
1054 785 1112 848 bac
1131 788 1219 871 igno·

136 872 230 932 misia
253 892 271 930 a
291 870 392 932 Medio
403 871 574 933 anensihus.
597 889 728 936 sorsin.
1216 908 1220 915 -

219 953 298 1034 fag.
311 952 378 1096 135,
390 977 418 1037 7.
439 956 621 1017 tolerare
641 953 854 1015 militiam.
874 950 969 1034 Apud
982 952 1089 1035 Eurip.
1109 955 1142 1015 in
1156 953 1220 1017 He-

138 1036 217 1097 cuba
239 1035 317 1119 Poly
339 1058 358 1097 o
1119 1032 1125 1052 '

359 1058 430 1112 rus,
451 1038 594 1099 minimus
614 1046 757 1098 natorum
776 1036 893 1099 Priami
914 1035 953 1097 de
972 1058 1030 1099 se:
1065 1057 1220 1111 νεατατος

137 1119 169 1180 δ’
184 1107 223 1199 ἦν
243 1116 455 1216 Πριαμιδοῖν·
477 1114 497 1181 ὃ
514 1121 574 1182 καί
588 1139 630 1199 με
649 1140 707 1226 prpe
726 1114 962 1197 ὑπεξέπεμψεν·
982 1111 1133 1199 οὔτεγὰρ
1160 1120 1221 1202 ps·
1329 1170 1331 1179 Α

135 1221 204 1284 pass
224 1193 326 1279 dniu‚‘
365 1204 432 1264 uur'
440 1195 531 1283 ἔγχος
551 1191 615 1274 οἷος
636 1224 655 1263 τ
673 1222 713 1283 ην
735 1201 794 1287 νέῳ
813 1199 972 1283 βραχίονι.
1001 1222 1132 1268 nosris.

217 1285 296 1365 pag.
312 1283 442 1368 196,18.
462 1287 753 1348 monasterium
790 1304 946 1370 quosque
975 1284 1219 1351 diruendum.

138 1368 262 1431 Graecis
283 1362 363 1449 μονὴ
385 1379 431 1429 est
446 1371 684 1444 monasterium,
697 1369 784 1450 quasi
804 1367 1095 1431 dicas-mansionem.
1118 1370 1223 1447 Quare

19 1454 27 1467 “
137 1452 228 1512 etiam
249 1450 448 1533 scriptoribus
468 1452 674 1516 ecclesiasticis
694 1451 811 1513 Latinis
830 1453 1070 1533 mansionarius,
1088 1454 1223 1517 mansio·

138 1535 187 1596 uis
207 1532 327 1615 incola,
347 1533 520 1618 habitator,
542 1535 650 1611 idest,
670 1535 856 1598 monasterii.
878 1555 1006 1601 russin.
1214 1580 1217 1593 .

211 1615 437 1699 .Pag.aos,18.
456 1640 478 1680 u
499 1639 637 1701 magno
657 1617 873 1700 Dionysio.
913 1618 981 1679 Non
1008 1615 1096 1681 affert
1127 1617 1223 1682 verba

137 1701 277 1783 Dionysii
303 1703 500 1784 Areopagitae
532 1702 780 1778 Cautacurenus,
807 1701 860 1762 sed
891 1720 1012 1763 sensum
1034 1722 1069 1762 ac
1089 1713 1223 1765 mentem

137 1784 297 1860 eiusdem,
327 1806 364 1847 ex
382 1786 508 1867 epistola
528 1785 642 1848 scilicet
660 1785 700 1847 ad
721 1782 957 1866 Demophilum,
986 1786 1020 1846 in
1050 1805 1111 1866 qua
1143 1784 1225 1849 nibil

138 1869 200 1951 agit
219 1867 325 1942 ahud,
349 1887 442 1950 quam
460 1881 497 1931 ut
510 1869 668 1943 ostendat,
690 1869 757 1930 Deo
774 1888 838 1946 non
857 1865 990 1950 placere,
1012 1889 1091 1950 quae
1110 1888 1223 1950 gerun-

137 1961 188 2013 tur
208 1962 262 2013 aut
284 1963 404 2033 praeter
423 1959 601 2033 potestatem
621 1949 757 2030 ordinis,
786 1959 841 2012 aut
868 1970 924 2033 per
943 1952 1038 2013 animi
1071 1952 1224 2035 impoten-

136 2037 230 2112 tiam,
265 2048 301 2095 ut
327 2032 438 2096 fecerat
459 2032 683 2121 Demophilus,
718 2053 811 2119 quem
833 2032 946 2096 idcimo
965 2036 1098 2099 severius
1116 2055 1224 2119 repre-

135 2116 253 2182 hendit.
273 2137 404 2180 sorsin.

218 2199 440 2282 ragusan.
467 2199 525 2282 τῆς
553 2200 811 2280 γυναικωνίτιδος
840 2195 996 2281 συνούσης
1033 2197 1147 2282 μένης,
1176 2203 1223 2264 ἱνα

138 2283 427 2360 mawenmmmm
453 2277 610 2363 γυναικών
631 2296 677 2347 est
696 2284 855 2361 conclave,
879 2283 1111 2347 contubernium
1130 2284 1224 2347 muli-

141 2386 247 2446 erum,
268 2364 352 2428 locus
372 2366 569 2443 insedibus,
593 2369 626 2430 in
648 2388 711 2450 quo
729 2367 869 2430 mulieres
890 2369 1014 2430 seorsim
1033 2388 1052 2428 a
1070 2369 1145 2431 viris
1164 2369 1225 2431 ha·

140 2448 253 2512 bitant.
293 2449 379 2511 idem
402 2460 432 2511 et
451 2450 576 2533 quidem
594 2451 734 2515 usitatius
763 2461 808 2512 est
838 2453 1075 2529 preasumsisse,
1103 2472 1165 2533 quo
1192 2461 1223 2514 et

142 2531 244 2594 Latini
266 2535 314 2592 usi
334 2543 406 2595 sunt
425 2554 664 2617 nonnunquam,
685 2545 722 2595 ut
734 2533 883 2596 Aemilius
901 2532 1023 2595 Probus
1042 2534 1076 2594 in
1095 2532 1224 2616 praefat.

140 2613 198 2677 Eat
224 2627 326 2677 tamen
350 2616 475 2698 quando
502 2617 602 2699 ipsum
625 2617 807 2680 seminarum
830 2626 950 2681 coetum
977 2615 1150 2699 significat,
1185 2626 1225 2679 ut

141 2700 234 2760 etiam
252 2697 311 2759 hoc
331 2697 408 2760 loco.
449 2698 497 2760 lta
524 2700 607 2782 apud
635 2701 836 2763 Plutarchum
865 2698 903 2761 de
931 2699 1109 2775 Herodoto,
1142 2695 1223 2780 pat

141 2781 198 2864 τῆς
216 2778 471 2863 γυναικωνίτιδος
487 2780 543 2844 ἐπὶ
560 2775 638 2855 τούς
652 2776 804 2865 Ἕλληνος
820 2776 1033 2865 ἐστράτευσεν.
1053 2803 1186 2849 romans

223 2865 419 2948 Pergami.
441 2865 691 2951 alteramque
725 2886 872 2932 aurem.
899 2862 1071 2949 Alexander
1094 2887 1223 2950 magnus

141 2960 349 3010 accusatorem
369 2947 515 3024 audiens,
537 2969 632 3013 manu
650 2948 773 3012 admota
792 2945 931 3010 -alteram
953 2968 1058 3008 aurem
1080 2950 1224 3013 occlude-

140 3029 218 3110 bat,
239 3032 323 3114 quod
344 3052 412 3094 eam
434 3052 487 3095 reo
511 3052 544 3094 se
563 3031 676 3096 diceret
695 3052 824 3096 serrare.
866 3030 949 3093 Infra
968 3030 1096 3094 eandem
1127 3032 1223 3097 histo·

139 3112 216 3175 riam
229 3116 328 3178 denuo
342 3118 448 3199 tangit.
469 3116 532 3177 Cur
547 3116 699 3179 enimuon
711 3117 772 3197 bis,
827 3114 868 3177 od
882 3113 1066 3197 pulchrum?
1088 3137 1221 3181 rossan.

213 3197 299 3281 fag.
314 3197 387 3276 218,
402 3199 447 3262 16.
456 3200 530 3280 flu
539 3221 620 3261 meu
631 3222 749 3287 mque.
766 3137 963 3279 Iddlldmpar
977 3208 1065 3259 vocat
1079 3200 1223 3263 Graecus.

138 3279 293 3360 Flumeo,
316 3283 359 3343 ait
381 3282 508 3360 Festus,
531 3285 672 3344 amicius·
691 3283 801 3344 nubens
814 3282 885 3344 boui
901 3282 1008 3343 οοιιιιιὶι
1024 3302 1132 3361 eausa,
1143 3281 1226 3368 quod

139 3384 174 3425 eo
194 3365 315 3426 auidus
342 3366 482 3428 utebatur
496 3367 695 3444 Flaminica,
721 3366 759 3426 id
774 3377 836 3440 est,
866 3365 1018 3425 Flaminii
1048 3385 1143 3443 uror,
1174 3367 1225 3429 cui

140 3466 199 3509 uon
228 3450 338 3510 licebat
347 3450 460 3527 facere
479 3447 654 3511 diurnium.
681 3448 780 3528 Quale
800 3444 940 3511 videlicet
966 3446 1069 3511 velum
1089 3459 1222 3510 sacratae

141 3539 171 3589 et
189 3531 305 3593 velatae
324 3533 391 3593 Deo
410 3535 459 3594 vir
479 3534 542 3594 ines
569 3530 602 3593 in
639 3532 787 3614 capitibus
818 3540 957 3614 gestant,
987 3541 1023 3592 ut
1047 3550 1096 3593 res
1114 3530 1224 3595 melius
1295 3548 1299 3559 ⁴

141 3610 343 3693 intelligatur:
381 3617 431 3676 ein
453 3553 589 3683 ἕῖοϋιοί.
619 3635 750 3678 rossan.

222 3694 422 3779 Pagasai.
443 3699 601 3759 viscera
622 3698 902 3759 obduruerunt.
942 3694 1075 3759 Pulchra
1091 3697 1222 3781 amplifi·

141 3779 222 3840 catio
241 3779 295 3842 lilii
318 3784 351 3841 in
373 3799 463 3840 causa
483 3781 597 3843 matris.
635 3780 678 3842 Et
702 3784 830 3841 miratur
850 3781 922 3840 satis
942 3789 1065 3861 argute,
1093 3802 1222 3863 quomo·

142 3859 205 3938 do,
229 3864 283 3943 qui
305 3862 443 3946 quotidie
461 3863 596 3925 bumana
615 3864 731 3924 viscera
750 3862 963 3939 comederent,
984 3872 1045 3923 tam
1066 3862 1150 3926 dans
1168 3886 1223 3948 po·

140 3947 256 4006 tuerint
276 3967 339 4008 esse
358 3946 539 4009 visceribus:
571 3946 719 4028 siquidem
746 3948 830 4007 omni
848 3967 937 4009 sensu
957 3945 1152 4009 humanitatis
1169 3969 1223 4015 ca-

140 4039 259 4104 rerent,
290 4041 319 4092 et
347 4032 379 4092 in
412 4031 508 4113 figura
527 4027 660 4091 humanu
686 4028 856 4092 belluarum
884 4028 1040 4093 saevitiem
1066 4031 1222 4123 imitaren-

140 4116 200 4173 tur.
220 4132 351 4177 rostras.
615 4150 620 4163 ·
1215 4148 1220 4167 .

224 4193 459 4276 Pug.2rn,18.
504 4195 735 4261 Theodosia
768 4218 819 4262 ex
854 4194 1064 4261 Theodora
1094 4195 1221 4262 dictu·

1352 4026 1360 4061 l
