2900 4676
256 259 343 347 526
628 283 941 352 saboranense

254 442 347 525 Qnod
367 464 438 507 cunr
461 441 538 523 riri,
558 453 625 507 tum
646 444 776 507 feminae
795 443 836 506 ad
853 443 1027 527 religiosum
1046 443 1126 506 vitae
1146 462 1262 529 genos,
1283 465 1342 511 seu
1431 494 1432 527 ,

256 541 368 592 etatum
387 531 588 591 monasticum
610 539 819 606 merentes,
846 548 957 589 nomen
980 538 1158 606 mutarent,
1189 529 1260 589 inde
1290 532 1343 592 fa-

252 626 335 675 ctum
357 613 469 690 eredo,
489 612 574 694 quod
593 632 649 695 per
667 611 866 674 monachismi
886 611 1101 693 professionem
1120 632 1154 673 se
1174 610 1259 674 velut
1278 615 1341 675 ite-

250 716 321 758 rum
348 695 496 778 baptizari
525 706 688 777 poterent,
727 707 757 758 et
784 714 847 757 eme
866 694 1031 756 secundum
1052 694 1214 777 quemdam
1233 694 1339 778 bapti-

250 800 368 855 smusnr
389 785 419 842 in
441 780 593 861 baptismo
621 790 722 841 numm
742 798 855 841 nomen
887 777 963 840 solet
984 778 1119 861 imponi,
1150 789 1182 839 et
1210 781 1338 861 quidem

248 884 386 937 novum,
408 861 435 924 si
456 865 526 945 quis
547 861 670 924 adultus
690 884 725 924 ac
753 861 889 924 nondum
907 861 1097 923 christiam
1108 860 1192 922 aliud
1208 861 1339 926 habuis-

248 958 317 1022 sat,
339 956 376 1007 ut
395 965 499 1009 omnes
519 946 644 1008 habent.
670 945 834 1008 Cuiusdam
850 945 944 1029 igitur
962 946 1195 1029 regenerationis
1212 949 1337 1031 signum

246 1032 380 1092 nominis
401 1031 518 1092 novitas
540 1030 608 1091 fuit.
628 1049 761 1092 rorrrs.

257 1144 262 1151 ·
331 1111 528 1197 Pag.aah,9.
561 1113 822 1197 imperatoris
843 1108 1019 1193 affluens.
1038 1106 1185 1183 &atesim
1258 1114 1339 1176 toris

271 1206 450 1258 rotostrator
482 1197 604 1278 proprie
633 1216 697 1265 non
725 1194 797 1262 furit.
835 1196 940 1276 Quare
959 1195 1036 1256 istoc
1071 1258 1079 1273 ‚
1197 1217 1250 1257 um
1273 1196 1339 1258 hoe

247 1216 316 1424 Epeo
337 1281 438 1424 pqqius
457 1300 478 1339 a
511 1300 579 1426 Am
598 1277 787 1425 redgqpplrum
802 1278 869 1378 hait.
878 1278 1338 1425 ffiffimfflthnius

281 1382 342 1425 sam
400 1383 478 1425 anne
542 1382 627 1425 sanes
761 1382 864 1425 uxoris
1256 1383 1338 1426 uxo-

200 1481 205 1489 ·
246 1466 323 1515 rem.
345 1466 483 1509 rorrrrr.
572 1494 581 1507 .

327 1528 406 1611 Pag.
421 1549 494 1614 227,
507 1548 553 1594 ro.
571 1540 736 1615 propter
756 1526 787 1590 Z
795 1527 936 1589 elotae.
979 1526 1023 1589 Hi
1044 1524 1127 1610 qnod
1148 1525 1338 1613 Palaeologo

246 1620 353 1673 eontra
374 1615 618 1675 Cantacuaenum
637 1611 813 1689 studerent,
834 1613 877 1673 ita
899 1613 1107 1673 nominantur.
1146 1609 1267 1673 Eorum
1286 1613 1337 1676 ἴε·

244 1697 349 1756 cinara
374 1693 454 1756 mala
483 1694 622 1779 deinceps
649 1704 850 1778 exponentur.
889 1695 992 1756 Genus
1011 1693 1170 1755 hominum
1189 1697 1256 1757 sine
1276 1717 1336 1775 rc,

245 1787 277 1840 ct
295 1777 548 1855 audacissimum,
570 1779 847 1853 seditiosissimum,
869 1778 1114 1860 perditissimum.
1136 1798 1271 1846 rossan.

324 1861 450 1943 Pagae
473 1881 543 1937 ,ιι.
563 1874 704 1924 uestem
722 1861 774 1923 ad
788 1862 1160 1927 luctameness‘cuere.
1201 1862 1240 1922 In
1263 1882 1337 1925 oer-

242 1943 406 2006 taminihus
426 1882 594 2028 Olympicis
606 1943 737 2007 athletae
755 1945 840 2028 prius
859 1944 998 2006 ferebant
1018 1943 1222 2027 subligaculo,
1246 1947 1336 2028 quod

242 2037 393 2090 testantm
413 2027 607 2111 Thucydides
626 2027 681 2094 lib.
702 2028 753 2101 5..
783 2027 943 2110 Augrutin.
971 2027 1103 2093 Civ.lib.
1124 2026 1170 2107 nl.
1188 2049 1257 2112 cap.
1285 2051 1335 2112 ¹7·

242 2109 354 2173 Postea
373 2111 648 2173 ahoedaemoniis
667 2111 838 2172 institutum
860 2123 923 2190 eat,
933 2124 969 2174 ut
983 2111 1103 2173 nudatis
1118 2109 1246 2194 oleoque
1256 2134 1335 2195 per-

242 2193 317 2256 lirsis
336 2195 512 2277 corporibus
535 2194 745 2272 decertarent,
773 2194 895 2255 nomina
990 2195 1140 2277 eprimos
1163 2195 1256 2257 huius
1285 2199 1333 2259 rei

242 2289 368 2357 auctor,
404 2278 559 2340 Hacentus
578 2277 851 2356 Lacedaemonius,
872 2278 912 2340 ab
971 2280 1007 2339 iis
1034 2277 1203 2341 Neanthus.
1243 2279 1334 2342 Hinc

242 2361 308 2444 ipsa
343 2359 411 2422 loca
451 2360 594 2423 ludorum
621 2364 797 2466 gpmnasir‚
825 2370 857 2423 et
886 2362 943 2444 ipsi
976 2361 1042 2422 ludi
1076 2360 1220 2443 appellati
1257 2375 1336 2425 sunt

315 2446 385 2505 uici.
426 2444 469 2506 Et
488 2445 616 2507 verbum
634 2438 853 2519 anastaseos,
873 2444 956 2527 qnod
971 2455 1016 2506 est
1038 2459 1131 2505 uestes
1144 2458 1277 2523 arnam,
1292 2447 1334 2509 ad
1431 2472 1432 2477 ¹

267 2525 419 2588 uiusmodl
440 2530 640 2591 certaminum
666 2529 928 2610 praeparationem
949 2528 1255 2611 exercitationemque
1277 2552 1333 2591 ac-

241 2609 463 2675 commodatur.
500 2610 582 2673 Ante
609 2610 642 2671 id
668 2622 787 2692 tempus
815 2611 1016 2674 verocundiae
1036 2632 1125 2673 causa
1157 2633 1190 2673 se
1210 2612 1335 2675 nodare

241 2712 305 2754 non
337 2691 498 2757 audebant
540 2694 693 2756 Homerus
718 2713 839 2778 quoquc
868 2693 1001 2757 inludis
1020 2714 1139 2779 semper
1160 2697 1335 2759 succinctos

242 2774 355 2840 heroas
376 2776 500 2839 inducit
523 2794 656 2845 sorren.

251 2902 254 2907 -
324 2858 537 2942 Pagasaea
558 2863 686 2924 amieo
706 2860 834 2922 uultu.
856 2860 947 2936 Vide,
970 2859 1044 2945 quid
1071 2859 1110 2923 de
1136 2859 1217 2925 laeto
1235 2861 1334 2925 vultu

240 2942 433 3027 imperatoris
465 2943 577 3006 scribat
604 2945 638 3006 in
669 2944 834 3027 Suetegico
868 2945 1049 3008 Onosander
1069 2966 1134 3030 esp.
1150 2947 1210 3025 rh,
1234 2968 1334 3030 qnam
1431 2950 1432 2969 ¹

241 3027 375 3089 multura
397 3030 423 3089 is
440 3023 540 3089 valeat
560 3027 641 3110 apud
663 3026 784 3095 militas.
802 3046 930 3090 rorrra.

323 3108 531 3192 chadssad.
546 3111 677 3174 omnia
691 3112 826 3194 prius,
844 3130 963 3196 quam
987 3113 1227 3174 servitutem.
1241 3111 1334 3176 Nus·

240 3212 333 3281 qnam
353 3192 412 3255 hoc
434 3191 616 3258 luculentius
635 3193 725 3257 docet
747 3197 791 3260 Μ.
810 3193 946 3275 Tullius,
962 3216 1053 3279 φιιιιιι
1074 3197 1106 3256 in
1126 3193 1333 3278 Philippicis,

243 3296 337 3358 quam
350 3276 462 3337 scilicet
481 3278 614 3341 alienum
633 3289 664 3341 et
681 3279 722 3340 sit
742 3288 774 3340 et
792 3298 857 3341 esse
876 3277 985 3341 debeat
1003 3279 1174 3348 allomano
1187 3282 1334 3361 nomine,

242 3359 420 3421 servitutem
434 3364 520 3440 pati,
541 3364 591 3424 cui
614 3363 702 3423 etiam
722 3362 785 3444 ipsa
808 3382 892 3424 mors
910 3360 1103 3425 anafamda
1119 3364 1170 3423 ait.
1190 3382 1332 3426 roarsr.

287 3478 290 3487 ·
324 3438 523 3521 Pagadhd.
553 3444 674 3526 uirgo
695 3442 854 3523 sa'rrea.
876 3445 1117 3522 Tamberlanes,
1139 3445 1334 3590 Septharum

242 3523 427 3607 imperator,
448 3526 525 3586 iram
544 3525 623 3605 Dei,
648 3526 761 3609 Attila,
784 3527 967 3591 Hunnorum
986 3551 1060 3603 rex,
1092 3529 1178 3614 flagei
1192 3551 1248 3590 um
1271 3532 1334 3592 Dei

242 3628 277 3670 se
295 3607 481 3669 nominabat.
514 3609 563 3671 De
581 3631 651 3693 rege
671 3610 866 3695 Assyriorum
884 3614 968 3675 Deus
989 3614 1052 3696 ipse
1070 3635 1124 3697 per
1144 3613 1334 3698 prophetam

242 3689 354 3753 leriam
374 3712 438 3773 cap.
463 3710 509 3759 ιο.
525 3693 621 3756 Assur
641 3696 730 3777 uirga
737 3695 944 3776 fisrordsmei.
965 3718 1097 3767 rorrra.

326 3775 404 3855 Pag.
418 3771 550 3850 251,1n.
592 3781 781 3841 invictos
818 3784 1018 3860 mansis-sc.
1080 3781 1333 3865 Quingentomm

242 3877 392 3919 annorum
407 3862 503 3941 spatio
516 3905 526 3937 ‚
538 3881 558 3922 a
577 3859 671 3944 pulsis
689 3861 829 3924 videlicet
850 3862 972 3947 regibus
991 3863 1032 3926 ad
1051 3864 1167 3926 obitum
1179 3864 1332 3947 Augusti,

286 3940 431 4025 ingenties
450 3945 647 4027 quinquagies
666 3946 796 4028 populus
811 3947 965 4013 Ronanus
985 3946 1149 4031 proeliatus
1169 3958 1233 4010 est:
1249 3970 1334 4031 qoa-

240 3962 291 4087 dli
332 4027 426 4087 entim
451 4028 630 4111 quadragies
656 4031 754 4092 victor
785 4029 928 4098 discessit.
969 4032 1012 4094 Et
1037 4034 1176 4114 quamvis
1207 4030 1335 4113 aliquot

241 4128 317 4190 proe
329 4112 364 4171 iis
392 4112 464 4172 victi
493 4111 570 4187 sint,
597 4110 679 4173 bello
715 4124 816 4176 nmen
844 4118 945 4193 omni,
978 4128 1014 4178 ut
1033 4115 1134 4179 civilia
1159 4112 1333 4197 sileantur,

243 4195 412 4273 asperiores
429 4191 525 4256 frere.
544 4213 675 4258 rostras.
