2978 4678
477 353 533 417 an
569 350 847 418 enucleamus
876 354 950 419 un.
981 359 1008 418 1.
1193 322 1279 429 403

280 505 360 589 Pag.
381 508 434 591 93,
457 506 503 571 16.
545 500 694 590 στρατιᾶν
714 504 829 584 α’ξιόμα
831 526 911 586 χον,
940 506 1076 568 existimo
1104 505 1192 569 reddi
1209 529 1281 591 pos·

195 608 229 651 ee
252 588 358 651 iustum
380 593 561 653 eoeerctmm:
596 594 621 651 is
641 593 721 652 euim
742 590 849 671 dignus
870 602 935 669 eat,
952 593 1004 673 qui
1025 590 1175 651 eumalio
1197 612 1281 652 exer-

198 672 260 731 citu
282 670 506 755 congrediatur,
526 676 671 756 quoniam
691 672 854 738 viribusei
875 672 1080 756 pervidetur.
1109 673 1190 735 Huic
1213 675 1280 736 loco

194 752 373 817 illustrando
394 756 509 817 faciunt
536 758 630 817 verba
653 760 826 849 Gregorae:
865 761 953 841 Quae
967 777 1035 817 cum
1055 755 1102 817 ad
1120 758 1195 817 dame
1215 779 1280 819 mo·

195 835 270 896 dam
291 841 324 900 in
339 840 409 900 wie
426 838 617 925 imperatrice
639 852 818 922 gererentur,
847 838 1039 901 Andronicus
1061 839 1171 915 iratior,
1188 840 1280 900 liber*-

195 932 259 979 tate
275 934 304 981 et
321 923 513 983 immmsitate
535 926 568 984 in
594 924 736 984 Thraciis
759 922 854 1006 pagis
872 937 903 984 et
929 923 1047 983 urbibus
1064 925 1277 1004 pronuntiata,

193 1004 296 1063 statim
318 1025 420 1066 omnes
436 1007 617 1091 adqzcoduis
634 1019 766 1090 paratos
778 1007 903 1066 babuit.-
923 1009 1025 1066 statim
1044 1006 1078 1064 in
1093 1006 1191 1065 armis
1200 1007 1280 1084 fue-

196 1099 265 1146 runt
291 1083 422 1149 Thraces
441 1110 553 1167 omnes,
575 1111 635 1173 pro
659 1093 774 1150 iuniore
797 1090 981 1171 imperatore
1001 1087 1211 1171 Christopolim
1230 1109 1280 1149 ta-

194 1190 250 1251 que
263 1188 362 1231 senem
382 1173 596 1255 imperatorem
614 1173 720 1257 cupide
735 1174 884 1233 incestui.
916 1191 1051 1233 ronnas.

277 1253 490 1336 Pag.93,18.
515 1257 760 1317 tributorum
782 1264 1003 1320 coactores.
1032 1254 1200 1334 Gregoras=
1231 1251 1280 1313 Ac

189 1336 324 1417 primum
334 1339 453 1418 passim
467 1340 500 1399 in
512 1340 679 1423 prouincia
694 1338 876 1420 vagantibus
894 1338 1066 1420 publieam's
1079 1350 1108 1395 et
1123 1337 1278 1396 exactori-

192 1419 243 1477 bus
267 1419 458 1481 inclementer
482 1424 688 1496 excruciatis,
731 1435 868 1505 ereptam
906 1440 1001 1504 quam
1030 1419 1281 1497 cimumfirebant
1376 1454 1383 1501 g

187 1502 349 1582 pecuniam
374 1505 463 1564 melia
480 1505 629 1566 osodeaia
647 1507 724 1565 inter
739 1526 771 1565 se
787 1503 971 1588 partiturum.
1001 1520 1136 1566 sarran.

230 1608 235 1615 ·
275 1583 356 1665 rag.
378 1586 432 1669 93,
454 1585 504 1649 aa.
524 1587 681 1666 duneline
702 1589 748 1648 Μ.
1094 1646 1099 1651 ,

275 1665 359 1748 rag.
382 1668 433 1751 94,
454 1691 487 1754 9.
509 1672 740 1733 anathema.
770 1668 940 1730 Anatbema
961 1668 1043 1728 enim
1067 1685 1119 1728 seu
1142 1686 1278 1731 exsecra-

138 1780 142 1787 ·
192 1744 236 1808 tio
257 1760 313 1827 est,
337 1754 419 1833 quod
443 1756 486 1814 ait
503 1749 669 1835 χωρισμὸν
683 1746 745 1812 dni
767 1751 845 1813 θεοῦ
865 1749 1057 1834 inparium,
1081 1749 1121 1810 ad
1134 1750 1276 1814 verbumt

191 1834 411 1914 separationem
436 1856 461 1897 a
486 1836 555 1897 Deo
581 1836 789 1920 pmmmuarn.
831 1836 868 1895 ln
898 1855 976 1917 quos
1007 1834 1089 1894 enim
1115 1835 1278 1896 anathema

192 1926 376 1996 torquetur,
403 1940 422 1979 a
443 1919 510 1980 Deo
531 1930 710 2000 separantur
737 1928 768 1979 et
795 1918 924 1979 Satanae
953 1916 1127 1981 traduntur.
1170 1918 1279 1999 ltaque

189 1996 325 2059 definitio
346 2021 402 2081 pro
424 2021 479 2080 eo,
501 2001 583 2083 quod
608 2001 763 2079 definitur,
790 2003 888 2084 posita
920 2010 973 2061 est.
1017 1999 1145 2080 Semper
1174 2010 1279 2061 autem

188 2080 288 2162 potius
309 2078 474 2164 χωρισμὸν
494 2080 556 2146 uini
578 2085 679 2161 θεοῦ,
705 2105 798 2166 quam
825 2084 875 2145 vel
898 2080 1046 2158 α’νάθεμα
1077 2080 1127 2140 vel
1160 2079 1277 2142 ἀναθε-

188 2162 346 2240 ματισμόν
367 2168 526 2228 nominare
556 2168 675 2251 gaudet.
716 2166 793 2228 Vult
817 2170 897 2227 enim
918 2164 1134 2247 significantius
1157 2173 1188 2223 et
1209 2166 1277 2233 eri-

188 2245 307 2307 dentius
326 2246 430 2333 loqui,
452 2250 535 2333 quod
555 2251 665 2312 Graeci
685 2248 792 2310 dicunt
812 2241 1066 2331 ἐμφαντικώτερον
1096 2240 1151 2305 καὶ
1181 2240 1275 2330 ἐναρ-

189 2327 342 2407 γέστερον.
372 2352 504 2395 norrun.

273 2409 472 2497 Pag.94‚14.
499 2414 644 2478 Theole
647 2427 718 2500 pta
726 2435 767 2475 m.
790 2411 921 2495 Elegans
935 2410 1027 2472 buius
1043 2408 1202 2492 Theolepti
1216 2410 1275 2494 hy·

187 2513 277 2555 mnus
291 2507 385 2557 exstat
405 2499 437 2557 in
447 2501 632 2565 Graecorum
652 2496 827 2580 Horologio‚
849 2516 940 2579 quem
961 2496 991 2554 in
1011 2495 1207 2577 appendicem
1227 2495 1275 2555 Si·

187 2578 303 2638 meonis
313 2577 447 2663 theologi
459 2602 477 2641 a
490 2583 577 2645 nobis
590 2585 699 2643 Latine
717 2600 894 2645 conversum
906 2577 1087 2639 addidimus.
1106 2578 1162 2638 Est
1172 2586 1274 2637 autem

187 2656 423 2743 καταννκτικός,
442 2663 488 2724 ad
503 2669 752 2750 compunctionem
775 2666 943 2748 pertinere,
974 2682 1008 2720 ex
1036 2661 1275 2721 consideratione

188 2740 286 2803 ultimi
308 2744 427 2813 iudicii.
450 2747 513 2809 Cur
533 2748 646 2829 legatos
665 2751 798 2809 mitteret
818 2765 922 2822 senex,
944 2765 1066 2805 eausam
1086 2743 1178 2803 refert
1198 2743 1275 2802 Gre-

187 2840 276 2970 ξονον
296 2826 389 2889 fuisse
409 2828 636 2893 multitudinem
657 2830 813 2911 peditum,
848 2830 1003 2910 equitum,
1035 2826 1272 2907 sagittariorum,

223 2910 376 2972 aditorum
398 2934 493 3012 paene
516 2913 789 2989 innumerabilem,
822 2911 1000 2994 Byzantium
1022 2928 1128 2970 versus
1153 2907 1276 2988 profici-

186 3004 525 3078 ocentem,qu1pr1mo
546 2999 660 3079 impetu
681 2996 789 3056 urbem
809 3002 1030 3077 expugnaturos
1057 3013 1090 3053 se
1115 2990 1273 3068 rebantur,

184 3076 334 3140 seditione
357 3078 557 3157 laborantem,
571 3079 685 3165 populo
705 3080 785 3140 inter
805 3098 838 3138 ee
857 3076 1061 3141 discordante.
1101 3075 1150 3134 De
1173 3073 1275 3133 Theo-

187 3158 268 3242 lepto
289 3172 402 3241 autem,
426 3166 560 3248 principe
579 3163 745 3247 legationis,
766 3163 827 3222 ait:
847 3163 899 3222 uir
924 3179 985 3221 non
1003 3171 1119 3220 manem
1140 3156 1275 3217 omnibns

185 3246 341 3306 amnibus
358 3262 478 3309 ornatur
497 3263 527 3310 et
547 3247 731 3322 reuerendus,
754 3244 809 3306 sed
819 3257 849 3304 ct
859 3243 1007 3326 singulari
1037 3240 1175 3301 medentia
1181 3258 1276 3322 prae-

185 3327 274 3395 ditus.
314 3329 413 3392 Porro
435 3332 647 3406 Orestiadem,
674 3351 736 3391 non
757 3325 989 3410 Adrianopolim
1012 3264 1125 3407 iigatos
1155 3326 1274 3395 missos,

186 3422 217 3472 et
237 3413 317 3474 inter
342 3434 392 3476 eos
412 3414 503 3477 fuisse
523 3419 613 3477 etiam
633 3413 809 3496 Syrgiannis
832 3420 972 3487 matrem,
998 3428 1077 3490 quae
1099 3402 1196 3465 filium
1219 3426 1275 3486 po-

186 3495 336 3556 tissimum
349 3497 483 3578 placaret
504 3502 577 3578 (erat
590 3498 715 3560 enimin
731 3495 784 3556 illo
798 3494 941 3573 exercitu)
962 3494 1050 3575 eique
1070 3487 1274 3574 persuaderet,

186 3596 226 3638 ne
249 3579 288 3639 ad
307 3584 425 3642 moenia
446 3583 530 3645 urbis
550 3582 704 3645 accederet
720 3588 779 3641 etc.
811 3597 941 3639 ronrar.

269 3660 347 3744 Pag.
366 3663 420 3747 94,
446 3665 492 3744 14.
524 3661 578 3727 τὸν
596 3664 653 3727 τοῦ
673 3662 817 3731 κοιτῶνος
835 3655 1082 3740 προκαθήμενον.
1113 3652 1202 3715 Alius
1223 3651 1275 3713 bie

187 3741 307 3806 videtur
326 3767 345 3807 a
365 3747 647 3835 napaaomoepirgr.
679 3746 831 3808 Vestitum
845 3746 913 3806 eins
931 3738 1058 3823 explieat
1077 3735 1274 3820 Curopalata,

190 3824 364 3908 dignitatem
385 3851 446 3891 nou
470 3832 554 3893 item.
588 3849 720 3892 ronrsn.

270 3909 408 3997 Pssg.95,
422 3935 450 3999 9.
470 3936 547 4000 pro
566 3934 665 3999 pace
684 3911 928 3993 legationem
947 3905 1150 3985 obeuntem
1170 3903 1276 3966 mori.

187 3987 218 4050 H
223 3990 272 4052 inc
287 4004 349 4056 tam
362 3998 472 4059 diserte
496 4009 527 4059 et
546 3995 703 4081 magnifiee
714 3993 818 4056 laudat
835 3994 920 4058 Serv.
941 3990 1108 4072 Sulpicium
1126 3988 1231 4049 Cicero
1244 4000 1277 4066 9.

185 4072 334 4159 Philipp,
351 4083 403 4162 qui
425 4083 455 4142 in
477 4080 625 4165 legatione
645 4080 684 4141 ad
693 4079 860 4139 Antonium
879 4074 1021 4137 obeunda
1041 4093 1075 4134 se
1096 4091 1150 4152 pro
1171 4089 1204 4129 re
1215 4087 1277 4163 pu-

184 4154 266 4219 blica
293 4161 424 4225 devovit.
470 4166 560 4250 Quod
582 4168 612 4225 si
637 4165 776 4246 cuiquam
798 4163 887 4222 iuno
915 4160 1005 4219 bonos
1032 4155 1146 4215 babitus
1171 4162 1213 4211 cst
1243 4169 1277 4208 m

189 4252 286 4300 niorte
301 4242 407 4323 iegato,
427 4251 459 4309 in
482 4250 564 4313 melio
588 4250 700 4322 iratior,
729 4266 821 4329 quam
848 4246 881 4305 in
905 4241 1014 4304 Seruio
1038 4237 1170 4320 Sulpicio
1188 4252 1278 4317 repc-
