2900 4676
406 297 461 364 tlt
489 292 766 363 cmtcuzmt
795 294 871 359 tta.
890 297 932 358 11.
1130 270 1208 357 511

131 469 230 545 patres
246 457 389 522 dixerunt
411 459 444 518 ln
465 476 498 518 se
519 464 551 516 et
566 450 735 515 'secundum
761 470 794 513 se
822 450 961 514 divinum
984 449 1089 513 lumen
1110 464 1141 516 et
1163 458 1215 518 tus

15 582 25 597 ·
132 555 268 611 <restim
288 545 387 605 vism
406 559 489 616 esse,
511 536 625 620 quibus
640 534 780 596 Bmlnam
801 542 831 596 et
850 535 1030 618 Acindynus
1047 537 1120 598 totis
1138 540 1216 601 riri.

132 627 191 688 hus
205 629 393 701 restiterunt,
417 631 582 684 sumentes
606 617 709 680 lonoen
732 616 870 679 divinum
890 618 924 677 iu
941 638 976 679 se
995 627 1026 679 et
1048 621 1227 691 omnuim,

130 732 164 773 se
190 709 280 773 oculo
298 727 442 790 oerpnrco
459 725 521 766 non
586 699 752 783 tere‚ped
772 699 921 782 quidquid
945 702 978 760 in
1002 712 1106 762 monte
1130 702 1216 766 Tha-

131 793 220 857 borio
243 788 461 874 discipulorum
489 724 586 849 ocull:
614 783 774 866 apparuit,
800 783 831 843 id
856 780 1078 845 divinaessillius
1111 796 1141 846 et
1167 789 1216 848 in-

131 888 250 938 creatae
279 886 312 936 et
335 869 556 955 inaspectabilis
569 867 695 951 'gloriae
729 876 861 927 creatam
883 865 1037 948 quandam
1058 869 1115 929 ima
1138 871 1217 931 'nent

134 961 236 1022 foisse.
277 958 379 1039 Neque
395 956 428 1017 id
449 972 586 1036 nuquam
610 949 799 1012 affirmarunt
817 969 854 1009 eo
873 948 1017 1025 consilio,
1040 960 1075 1010 ut
1129 950 1218 1014 ilium

133 1043 192 1107 nsi
214 1062 286 1103 oum
302 1041 380 1102 Ario
412 1048 582 1098 creaturum
611 1032 753 1098 fanumst.
795 1032 902 1114 Neque
924 1031 988 1093 ulla
1008 1032 1141 1116 synodus
1159 1033 1219 1097 hoo

133 1123 292 1188 musmo
321 1135 352 1184 et
379 1116 541 1202 'Acindyno
560 1116 695 1178 obiecitc
728 1115 783 1196 qni
802 1114 842 1176 de
861 1114 919 1175 hoe
942 1114 1058 1176 lumine
1083 1117 1218 1178 tradide-

139 1218 235 1281 aunt,
266 1206 349 1289 quod
370 1203 462 1265 hodie
492 1199 626 1280 theologi
649 1196 816 1260 orthodoxe
837 1197 876 1258 de
894 1217 931 1259 eo
954 1198 1107 1277 sentiunt,
1128 1200 1219 1261 finisse

133 1292 280 1352 nimirum
309 1285 469 1348 invisibilis
498 1283 666 1345 divinitatis
682 1290 716 1343 et
733 1278 849 1365 gloriae
876 1281 1025 1343 inanem
1049 1281 1167 1344 visibile
1186 1292 1219 1346 et

134 1383 269 1435 cresum
286 1374 413 1451 signnm.
746 1394 750 1401 ·
1214 1398 1218 1411 ·

216 1455 263 1515 Er
291 1454 340 1514 his
365 1452 434 1513 deni
477 1468 495 1511 e
522 1446 674 1530 corrigere
700 1447 812 1529 poterit
837 1443 1048 1529 stapletonus,
1075 1446 1219 1530 quaeda

134 1535 294 1599 Barlnsmo
320 1535 424 1597 scribit
456 1532 525 1593 ibro
543 1529 676 1593 soeundo
700 1530 739 1591 de
760 1530 967 1612 magnitudine
992 1530 1146 1591 Romanae
1166 1550 1219 1592 eo·

135 1618 256 1694 clesiae,
278 1617 419 1680 videlicet
430 1614 622 1679 Berisamum
637 1612 820 1674 monachum
841 1611 1131 1694 Constantinopolim
1144 1634 1219 1696 pro-

137 1703 250 1764 festum
272 1701 410 1763 haeresin
427 1700 643 1761 Graecanicam
667 1695 727 1776 (de
746 1700 935 1778 processione
957 1698 1052 1757 sancti
1071 1695 1219 1777 Spiritus)

127 1784 226 1861 ,uum
247 1787 315 1847 totis
336 1784 425 1845 anun
447 1781 566 1866 pathus
583 1779 771 1860 mugitum
795 1779 914 1839 nemim
941 1779 1103 1856 rennuente,
1123 1779 1219 1842 donea

134 1864 305 1929 Palamam
330 1864 483 2008 piendam
502 1862 614 1923 Graeci
633 1861 682 1920 tut
718 1873 907 1945 opponerent.
949 1859 1018 1922 Non
1039 1866 1121 1922 euim
1154 1863 1220 1925 dis-

132 1953 250 2033 putavit
275 1951 414 2010 Baream
442 1946 481 2007 de
514 1943 704 2026 processione
741 1944 838 2004 sancti
863 1942 990 2025 Spiritus
1017 1962 1074 2029 pro
1104 1944 1220 2008 latinis
1342 1955 1348 1970 ·

133 2044 239 2094 contra
256 2032 408 2109 Graecos,
424 2027 478 2090 sed
503 2028 623 2110 potius,
655 2024 739 2111 quud
765 2025 805 2086 ad
832 2025 891 2087 hoc
913 2047 947 2086 ar
987 2038 1122 2087 mentum
1146 2030 1219 2090 atti·

131 2124 196 2193 net,
217 2135 276 2197 pro
292 2113 415 2174 Graccis
434 2119 541 2173 contra
563 2110 687 2170 Latinos
708 2107 861 2185 disseruit,
987 2119 1133 2171 testantur
1147 2110 1219 2174 libri

132 2201 198 2259 eius
220 2198 259 2259 de
281 2197 340 2257 hoc
359 2203 539 2277 argumento
558 2191 642 2255 editi.
683 2189 744 2252 Nec
767 2191 903 2272 quaestio
922 2193 1003 2253 inter
1026 2190 1220 2258 Barlanmnut

133 2293 164 2343 et
188 2280 343 2342 Palamsm
371 2277 430 2339 fuit
452 2277 491 2338 de
520 2274 711 2358 processione
740 2272 833 2334 suncti
857 2273 1005 2355 Spiritus,
1035 2274 1147 2339 sedda
1168 2277 1218 2340 lu-

132 2365 216 2426 mine
233 2361 410 2441 Thahorio,
437 2360 535 2442 deque
558 2357 725 2418 substantia
745 2367 776 2417 et
798 2359 974 2439 operatione
999 2358 1111 2422 divina.
1153 2359 1218 2423 Ve-
1269 2397 1281 2411 η

134 2466 202 2508 runa
227 2444 277 2505 hio
307 2444 398 2505 huius
422 2440 625 2505 annotationis
652 2439 719 2500 linis
751 2440 810 2516 sit,
844 2441 929 2500 cuius
955 2460 1017 2501 nou
1044 2440 1216 2523 prolixitas,

135 2529 188 2591 sed
209 2531 242 2589 in
258 2528 384 2588 historia
417 2536 481 2587 tam
504 2524 633 2586 obscura
662 2532 694 2582 et
720 2521 823 2602 ignota
853 2521 968 2584 utilitas
996 2524 1218 2591 considerariu

135 2612 249 2674 lectore
271 2610 371 2674 dehet.
400 2608 510 2668 Facem
532 2609 611 2667 euim
632 2604 837 2690 praeportahit
857 2607 1013 2684 omnihus,
1099 2610 1218 2671 eCen-

137 2707 301 2756 tacuzenus
327 2692 418 2752 variis
452 2690 499 2750 sui
534 2690 632 2769 operis
664 2687 739 2749 loeis
762 2687 802 2749 (le
825 2688 1007 2768 Barluamo,
1070 2688 1229 2777 cindyno,⁴

135 2780 272 2860 Gregors
291 2792 457 2855 eorumque
475 2769 669 2853 opinionibus
688 2774 801 2853 scripta
819 2771 951 2854 reliquit.
973 2792 1113 2835 omnes.
1217 2798 1221 2807 ’

217 2860 347 2919 ibidem.
367 2870 462 2917 tomo
480 2856 617 2915 ueteri.
638 2854 753 2914 Tomos
767 2855 798 2914 in
815 2855 939 2938 synodis
952 2853 1071 2918 libellus
1080 2868 1135 2931 est,
1150 2868 1218 2923 acts

133 2953 166 3007 et
180 2941 300 3002 decreta
322 2941 385 2999 eins
399 2948 430 2998 et
449 2946 548 2998 totum
568 2935 657 3012 illud,
678 2937 761 3019 quod
777 2936 847 2998 fidei
863 2937 1078 3020 professionem
1099 2945 1217 3022 exposi-

132 3028 307 3105 tionemque
321 3023 464 3097 continet,
481 3018 694 3101 complectens.
735 3014 886 3099 Quocirca
901 3019 1027 3104 epistole
1044 3026 1138 3084 mocti
1155 3026 1216 3086 Le·

133 3110 200 3170 onis
223 3107 263 3171 ad
279 3104 459 3166 Flavianum
479 3111 585 3163 contra
605 3101 788 3185 Eutychen,
803 3124 863 3184 qua
883 3107 1018 3184 exposuit
1039 3109 1217 3169 senteutiam

131 3190 274 3253 ecdesiee
292 3186 475 3261 catholicae,
499 3184 671 3266 saepissime
697 3186 729 3245 in
750 3185 886 3246 conciliis
908 3188 1020 3248 dicitur
1043 3198 1164 3250 tomust
1186 3199 1218 3253 et

131 3266 278 3336 ἓνωτικόν
298 3271 429 3331 Zenonis
449 3268 647 3349 imperatoris,
667 3277 759 3350 typus
780 3278 811 3328 et
834 3263 958 3341 ἔκθεσις
979 3271 1123 3350 Heraclii,
1146 3275 1217 3354 qui-

134 3356 192 3418 bus
218 3355 287 3417 fidu'
312 3373 384 3415 suae
406 3371 459 3414 seu
485 3350 629 3433 perfidiae
648 3352 749 3430 potius
770 3353 917 3413 rationem
940 3353 1118 3430 reddebant,
1142 3357 1216 3418 tomi

134 3449 223 3501 sunt:
244 3448 280 3499 ut
302 3449 332 3500 et
348 3436 544 3498 constitutum
563 3430 668 3514 Vigilii
684 3432 764 3514 apud
783 3434 946 3495 Buronium
964 3445 1048 3498 tomo
1063 3459 1093 3521 y.
1137 3439 1217 3501 Hinc

135 3523 313 3584 videlicet‘a
332 3520 506 3580 continente
524 3515 706 3577 transfertur
735 3516 774 3576 ad
796 3518 807 3576 i
879 3516 1032 3600 dogmata,
1060 3530 1095 3580 ut
1115 3530 1217 3583 tomus

136 3604 245 3665 Leonis
278 3612 383 3663 contin
413 3598 575 3682 Eutychen
605 3602 645 3658 ait
672 3600 772 3680 ipsum
797 3537 907 3682 iligna
945 3602 1086 3663 ecclesiae
1110 3615 1217 3665 contra

132 3686 272 3747 eumdem
295 3683 490 3745 haereticum.
534 3680 613 3741 Hine
633 3682 761 3742 verbum
790 3689 1021 3764 supernupsit,
1048 3677 1126 3766 ὅπερ
1150 3680 1219 3749 inst

130 3763 167 3830 ri
187 3764 439 3847 συντετμημένως
465 3757 645 3838 ἐκδιδόναι,
665 3758 721 3823 rui
736 3754 803 3825 olor
823 3754 988 3838 ὁρίζεσθαι
1009 3761 1050 3827 τὰ
1078 3764 1134 3830 διὰ
1153 3791 1215 3844 μα-

131 3851 218 3929 κρῶν
243 3847 474 3929 testulutum
502 3837 559 3904 nul
577 3844 735 3922 γραφέντα
755 3842 915 3924 πολλάκις,
930 3858 964 3906 ut
979 3850 1021 3909 ait
1037 3850 1216 3914 Philotimus

131 3932 301 4017 patriarcha
313 3924 663 4008 Constantinopolitanus
682 3925 736 3991 lib.
752 3948 783 3987 2.
799 3938 903 3990 contra
923 3929 1124 4012 Nicephorum
1136 3937 1216 3995 Gre-

132 4037 236 4097 gornm
253 4061 261 4089 ‚
278 4035 366 4096 egens
386 4013 425 4073 de
448 4010 507 4070 hoc
528 4011 595 4089 ipso
619 4018 702 4070 tomo
717 4009 832 4093 Synodi
860 4013 1215 4098 Constantinopolitanae

131 4100 277 4161 adversus
299 4093 501 4156 Barlaamum.
526 4111 666 4155 onerosa.

213 4175 372 4263 Pug.557,
388 4198 434 4240 rt.
462 4177 504 4238 in
526 4176 771 4236 monasterio
796 4167 928 4257 ὄθηγόν.
978 4180 1026 4243 De
1043 4179 1101 4244 hoc
1121 4192 1152 4244 et
1175 4181 1214 4252 de
