<?xml version="1.0" encoding="UTF-8"?>
<!DOCTYPE html PUBLIC "-//W3C//DTD XHTML 1.0 Transitional//EN"
    "http://www.w3.org/TR/xhtml1/DTD/xhtml1-transitional.dtd">
<html xmlns="http://www.w3.org/1999/xhtml" xml:lang="en" lang="en">
 <head>
  <title>
</title>
<meta http-equiv="Content-Type" content="text/html;charset=utf-8" />
  <meta name='ocr-system' content='tesseract 3.04.00' />
  <meta name='ocr-capabilities' content='ocr_page ocr_carea ocr_par ocr_line ocrx_word'/>
</head>
<body>
  <div class='ocr_page' id='page_1' title='image "./ioanniscantacuz03joangoog_0438.png"; bbox 0 0 2978 4678; ppageno 0'>
   <div class='ocr_carea' id='block_1_1' title="bbox 464 212 1272 326">
    <p class='ocr_par' dir='ltr' id='par_1_1' title="bbox 464 212 1272 326">
     <span class='ocr_line' id='line_1_1' title="bbox 464 212 1272 326; baseline -0.002 -29"><span class='ocrx_word' id='word_1_1' title='bbox 464 236 520 297; x_wconf 76' lang='lat' dir='ltr'><strong>so</strong></span> <span class='ocrx_word' id='word_1_2' title='bbox 548 231 831 297; x_wconf 74' lang='lat' dir='ltr'><strong>crurrcuzmr</strong></span> <span class='ocrx_word' id='word_1_3' title='bbox 861 236 937 296; x_wconf 82' lang='lat'>1111.</span> <span class='ocrx_word' id='word_1_4' title='bbox 966 239 991 297; x_wconf 90' lang='lat'><strong>1.</strong></span> <span class='ocrx_word' id='word_1_5' title='bbox 1188 212 1272 326; x_wconf 73' lang='lat'><strong>1107</strong></span> 
     </span>
    </p>
   </div>
   <div class='ocr_carea' id='block_1_2' title="bbox 270 359 1398 471">
    <p class='ocr_par' dir='ltr' id='par_1_2' title="bbox 270 359 1398 471">
     <span class='ocr_line' id='line_1_2' title="bbox 270 359 1398 471; baseline 0 -20"><span class='ocrx_word' id='word_1_6' title='bbox 270 362 501 469; x_wconf 61' lang='lat' dir='ltr'><strong>dag.111,p.</strong></span> <span class='ocrx_word' id='word_1_7' title='bbox 534 390 612 447; x_wconf 81' lang='lat' dir='ltr'><strong>tria</strong></span> <span class='ocrx_word' id='word_1_8' title='bbox 642 388 741 446; x_wconf 83' lang='lat' dir='ltr'><strong>euim</strong></span> <span class='ocrx_word' id='word_1_9' title='bbox 777 407 859 447; x_wconf 87' lang='lat' dir='ltr'><strong>oum</strong></span> <span class='ocrx_word' id='word_1_10' title='bbox 883 389 987 461; x_wconf 80' lang='lat' dir='ltr'><strong>siut,</strong></span> <span class='ocrx_word' id='word_1_11' title='bbox 1020 409 1123 471; x_wconf 83' lang='lat' dir='ltr'><strong>qaae</strong></span> <span class='ocrx_word' id='word_1_12' title='bbox 1154 359 1279 454; x_wconf 78' lang='lat' dir='ltr'><strong>bellis</strong></span> <span class='ocrx_word' id='word_1_13' title='bbox 1393 416 1398 429; x_wconf 84' lang='grc'><em>·</em></span> 
     </span>
    </p>
   </div>
   <div class='ocr_carea' id='block_1_3' title="bbox 185 468 1286 1965">
    <p class='ocr_par' dir='ltr' id='par_1_3' title="bbox 186 468 1280 1049">
     <span class='ocr_line' id='line_1_3' title="bbox 186 468 1279 552; baseline 0 -15"><span class='ocrx_word' id='word_1_14' title='bbox 186 474 365 537; x_wconf 79' lang='lat' dir='ltr'><strong>omnibus</strong></span> <span class='ocrx_word' id='word_1_15' title='bbox 387 472 528 550; x_wconf 76' lang='lat' dir='ltr'><strong>sinam</strong></span> <span class='ocrx_word' id='word_1_16' title='bbox 558 472 701 552; x_wconf 82' lang='lat' dir='ltr'><strong>imporr.</strong></span> <span class='ocrx_word' id='word_1_17' title='bbox 743 468 884 529; x_wconf 85' lang='lat' dir='ltr'><strong>Primum</strong></span> <span class='ocrx_word' id='word_1_18' title='bbox 907 470 1039 548; x_wconf 90' lang='lat' dir='ltr'><strong>horum,</strong></span> <span class='ocrx_word' id='word_1_19' title='bbox 1060 492 1114 531; x_wconf 86' lang='lat' dir='ltr'><strong>sua</strong></span> <span class='ocrx_word' id='word_1_20' title='bbox 1135 475 1279 537; x_wconf 89' lang='lat' dir='ltr'><strong>nimirum</strong></span> 
     </span>
     <span class='ocr_line' id='line_1_4' title="bbox 187 551 1279 636; baseline 0.001 -17"><span class='ocrx_word' id='word_1_21' title='bbox 187 562 219 619; x_wconf 89' lang='lat' dir='ltr'><strong>iu</strong></span> <span class='ocrx_word' id='word_1_22' title='bbox 239 567 305 617; x_wconf 90' lang='lat' dir='ltr'><strong>tuto</strong></span> <span class='ocrx_word' id='word_1_23' title='bbox 320 564 464 632; x_wconf 81' lang='lat' dir='ltr'><strong>statuere,</strong></span> <span class='ocrx_word' id='word_1_24' title='bbox 486 572 575 634; x_wconf 84' lang='lat' dir='ltr'><strong>saepe</strong></span> <span class='ocrx_word' id='word_1_25' title='bbox 597 553 661 613; x_wconf 89' lang='lat' dir='ltr'><strong>siue</strong></span> <span class='ocrx_word' id='word_1_26' title='bbox 682 551 749 614; x_wconf 89' lang='lat' dir='ltr'><strong>aliis</strong></span> <span class='ocrx_word' id='word_1_27' title='bbox 763 552 881 613; x_wconf 89' lang='lat' dir='ltr'><strong>duobus</strong></span> <span class='ocrx_word' id='word_1_28' title='bbox 906 565 959 614; x_wconf 86' lang='lat' dir='ltr'><strong>aut</strong></span> <span class='ocrx_word' id='word_1_29' title='bbox 970 552 1065 614; x_wconf 85' lang='lat' dir='ltr'><strong>altero</strong></span> <span class='ocrx_word' id='word_1_30' title='bbox 1081 555 1199 636; x_wconf 88' lang='lat' dir='ltr'><strong>saltem,</strong></span> <span class='ocrx_word' id='word_1_31' title='bbox 1216 578 1279 620; x_wconf 89' lang='lat' dir='ltr'><strong>non</strong></span> 
     </span>
     <span class='ocr_line' id='line_1_5' title="bbox 187 637 1280 721; baseline 0.003 -20"><span class='ocrx_word' id='word_1_32' title='bbox 187 640 345 721; x_wconf 77' lang='lat' dir='ltr'><strong>contingit.</strong></span> <span class='ocrx_word' id='word_1_33' title='bbox 374 637 443 698; x_wconf 86' lang='lat' dir='ltr'><strong>Non</strong></span> <span class='ocrx_word' id='word_1_34' title='bbox 466 646 564 717; x_wconf 87' lang='lat' dir='ltr'><strong>potest</strong></span> <span class='ocrx_word' id='word_1_35' title='bbox 589 655 675 718; x_wconf 84' lang='lat' dir='ltr'><strong>saepe</strong></span> <span class='ocrx_word' id='word_1_36' title='bbox 698 656 769 710; x_wconf 84' lang='lat' dir='ltr'><strong>rex,</strong></span> <span class='ocrx_word' id='word_1_37' title='bbox 793 647 914 696; x_wconf 86' lang='lat' dir='ltr'><strong>autres</strong></span> <span class='ocrx_word' id='word_1_38' title='bbox 943 637 1016 718; x_wconf 90' lang='lat' dir='ltr'><strong>pub.</strong></span> <span class='ocrx_word' id='word_1_39' title='bbox 1038 659 1101 698; x_wconf 86' lang='lat' dir='ltr'><strong>esse</strong></span> <span class='ocrx_word' id='word_1_40' title='bbox 1121 650 1203 717; x_wconf 87' lang='lat' dir='ltr'><strong>tuta,</strong></span> <span class='ocrx_word' id='word_1_41' title='bbox 1222 644 1280 704; x_wconf 86' lang='lat' dir='ltr'><strong>nisi</strong></span> 
     </span>
     <span class='ocr_line' id='line_1_6' title="bbox 188 718 1278 801; baseline 0 -17"><span class='ocrx_word' id='word_1_42' title='bbox 188 724 288 785; x_wconf 84' lang='lat' dir='ltr'><strong>hostes</strong></span> <span class='ocrx_word' id='word_1_43' title='bbox 309 720 356 782; x_wconf 87' lang='lat' dir='ltr'><strong>vel</strong></span> <span class='ocrx_word' id='word_1_44' title='bbox 378 720 516 780; x_wconf 89' lang='lat' dir='ltr'><strong>subiiciat</strong></span> <span class='ocrx_word' id='word_1_45' title='bbox 536 720 617 797; x_wconf 90' lang='lat' dir='ltr'><strong>sibi,</strong></span> <span class='ocrx_word' id='word_1_46' title='bbox 655 718 706 780; x_wconf 85' lang='lat' dir='ltr'><strong>rel</strong></span> <span class='ocrx_word' id='word_1_47' title='bbox 734 720 847 800; x_wconf 88' lang='lat' dir='ltr'><strong>perdat.</strong></span> <span class='ocrx_word' id='word_1_48' title='bbox 868 719 1062 801; x_wconf 83' lang='lat' dir='ltr'><strong>Suscipienda</strong></span> <span class='ocrx_word' id='word_1_49' title='bbox 1085 721 1166 782; x_wconf 87' lang='lat' dir='ltr'><strong>bella</strong></span> <span class='ocrx_word' id='word_1_50' title='bbox 1187 725 1229 784; x_wconf 86' lang='lat' dir='ltr'><strong>ait</strong></span> <span class='ocrx_word' id='word_1_51' title='bbox 1255 746 1278 791; x_wconf 85' lang='lat'><strong>1.</strong></span> 
     </span>
     <span class='ocr_line' id='line_1_7' title="bbox 190 800 1280 889; baseline 0.003 -24"><span class='ocrx_word' id='word_1_52' title='bbox 190 805 252 872; x_wconf 82' lang='lat' dir='ltr'><strong>off.</strong></span> <span class='ocrx_word' id='word_1_53' title='bbox 275 805 318 870; x_wconf 84' lang='lat' dir='ltr'><strong>M.</strong></span> <span class='ocrx_word' id='word_1_54' title='bbox 344 803 465 864; x_wconf 90' lang='lat' dir='ltr'><strong>Tullius</strong></span> <span class='ocrx_word' id='word_1_55' title='bbox 494 804 536 862; x_wconf 89' lang='lat' dir='ltr'><strong>&#39;ob</strong></span> <span class='ocrx_word' id='word_1_56' title='bbox 565 823 633 862; x_wconf 88' lang='lat' dir='ltr'><strong>eam</strong></span> <span class='ocrx_word' id='word_1_57' title='bbox 654 822 804 875; x_wconf 85' lang='lat' dir='ltr'><strong>causam,</strong></span> <span class='ocrx_word' id='word_1_58' title='bbox 835 813 871 862; x_wconf 88' lang='lat' dir='ltr'><strong>ut</strong></span> <span class='ocrx_word' id='word_1_59' title='bbox 896 803 960 864; x_wconf 88' lang='lat' dir='ltr'><strong>sine</strong></span> <span class='ocrx_word' id='word_1_60' title='bbox 989 805 1103 864; x_wconf 89' lang='lat' dir='ltr'><strong>iniuria</strong></span> <span class='ocrx_word' id='word_1_61' title='bbox 1137 800 1172 865; x_wconf 88' lang='lat' dir='ltr'><strong>iu</strong></span> <span class='ocrx_word' id='word_1_62' title='bbox 1203 828 1280 889; x_wconf 86' lang='lat' dir='ltr'><strong>pace</strong></span> 
     </span>
     <span class='ocr_line' id='line_1_8' title="bbox 189 885 1280 969; baseline 0.003 -21"><span class='ocrx_word' id='word_1_63' title='bbox 189 892 330 953; x_wconf 73' lang='lat' dir='ltr'><strong>vivatur:</strong></span> <span class='ocrx_word' id='word_1_64' title='bbox 353 898 440 969; x_wconf 86' lang='lat' dir='ltr'><strong>parta</strong></span> <span class='ocrx_word' id='word_1_65' title='bbox 460 896 562 947; x_wconf 86' lang='lat' dir='ltr'><strong>autem</strong></span> <span class='ocrx_word' id='word_1_66' title='bbox 582 886 709 947; x_wconf 84' lang='lat' dir='ltr'><strong>victoria</strong></span> <span class='ocrx_word' id='word_1_67' title='bbox 731 885 972 965; x_wconf 83' lang='lat' dir='ltr'><strong>conservandos,</strong></span> <span class='ocrx_word' id='word_1_68' title='bbox 987 889 1041 969; x_wconf 85' lang='lat' dir='ltr'><strong>qui</strong></span> <span class='ocrx_word' id='word_1_69' title='bbox 1060 909 1122 949; x_wconf 88' lang='lat' dir='ltr'><strong>uon</strong></span> <span class='ocrx_word' id='word_1_70' title='bbox 1143 889 1280 952; x_wconf 83' lang='lat' dir='ltr'>crudeles</span> 
     </span>
     <span class='ocr_line' id='line_1_9' title="bbox 189 969 1080 1049; baseline -0.008 -16"><span class='ocrx_word' id='word_1_71' title='bbox 189 974 221 1033; x_wconf 82' lang='lat' dir='ltr'><strong>iu</strong></span> <span class='ocrx_word' id='word_1_72' title='bbox 254 971 346 1049; x_wconf 88' lang='lat' dir='ltr'><strong>bollo,</strong></span> <span class='ocrx_word' id='word_1_73' title='bbox 376 991 432 1030; x_wconf 86' lang='lat' dir='ltr'><strong>nec</strong></span> <span class='ocrx_word' id='word_1_74' title='bbox 454 971 599 1037; x_wconf 80' lang='lat' dir='ltr'><strong>immanes</strong></span> <span class='ocrx_word' id='word_1_75' title='bbox 621 969 754 1029; x_wconf 83' lang='lat' dir='ltr'><strong>fuerunt.</strong></span> <span class='ocrx_word' id='word_1_76' title='bbox 777 989 907 1034; x_wconf 71' lang='lat' dir='ltr'><strong>rossan.</strong></span> <span class='ocrx_word' id='word_1_77' title='bbox 1073 974 1080 981; x_wconf 84' lang='lat'><em>&#39;</em></span> 
     </span>
    </p>

    <p class='ocr_par' dir='ltr' id='par_1_4' title="bbox 270 1044 734 1136">
     <span class='ocr_line' id='line_1_10' title="bbox 270 1044 734 1136; baseline 0 -21"><span class='ocrx_word' id='word_1_78' title='bbox 270 1055 353 1136; x_wconf 77' lang='lat' dir='ltr'><strong>Pag.</strong></span> <span class='ocrx_word' id='word_1_79' title='bbox 381 1075 450 1130; x_wconf 80' lang='lat'><strong>112,</strong></span> <span class='ocrx_word' id='word_1_80' title='bbox 473 1055 503 1115; x_wconf 82' lang='lat'><strong>5.</strong></span> <span class='ocrx_word' id='word_1_81' title='bbox 547 1044 585 1111; x_wconf 79' lang='lat' dir='ltr'><strong>dr</strong></span> <span class='ocrx_word' id='word_1_82' title='bbox 605 1072 666 1116; x_wconf 89' lang='lat' dir='ltr'><strong>om.</strong></span> <span class='ocrx_word' id='word_1_83' title='bbox 689 1055 734 1116; x_wconf 87' lang='lat' dir='ltr'><strong>M.</strong></span> 
     </span>
    </p>

    <p class='ocr_par' dir='ltr' id='par_1_5' title="bbox 185 1134 1286 1722">
     <span class='ocr_line' id='line_1_11' title="bbox 271 1134 1278 1218; baseline 0 -18"><span class='ocrx_word' id='word_1_84' title='bbox 271 1138 351 1216; x_wconf 73' lang='lat' dir='ltr'><strong>Pag.</strong></span> <span class='ocrx_word' id='word_1_85' title='bbox 373 1157 439 1213; x_wconf 79' lang='lat'><strong>112,</strong></span> <span class='ocrx_word' id='word_1_86' title='bbox 458 1158 503 1218; x_wconf 86' lang='lat'><strong>¹9·</strong></span> <span class='ocrx_word' id='word_1_87' title='bbox 524 1137 562 1195; x_wconf 87' lang='lat' dir='ltr'><strong>si</strong></span> <span class='ocrx_word' id='word_1_88' title='bbox 576 1156 653 1194; x_wconf 85' lang='lat' dir='ltr'><strong>cum</strong></span> <span class='ocrx_word' id='word_1_89' title='bbox 666 1134 877 1201; x_wconf 82' lang='lat' dir='ltr'><strong>adversar.</strong></span> <span class='ocrx_word' id='word_1_90' title='bbox 893 1138 1023 1197; x_wconf 81' lang='lat' dir='ltr'><strong>armis</strong></span> <span class='ocrx_word' id='word_1_91' title='bbox 1045 1137 1278 1217; x_wconf 79' lang='lat' dir='ltr'><strong>subegeritr&#39;s.</strong></span> 
     </span>
     <span class='ocr_line' id='line_1_12' title="bbox 188 1211 1280 1301; baseline 0.002 -20"><span class='ocrx_word' id='word_1_92' title='bbox 188 1219 402 1282; x_wconf 78' lang='lat' dir='ltr'><strong>Pulcherrima</strong></span> <span class='ocrx_word' id='word_1_93' title='bbox 417 1231 448 1280; x_wconf 89' lang='lat' dir='ltr'><strong>et</strong></span> <span class='ocrx_word' id='word_1_94' title='bbox 460 1219 634 1301; x_wconf 81' lang='lat' dir='ltr'><strong>gravissima</strong></span> <span class='ocrx_word' id='word_1_95' title='bbox 648 1239 778 1301; x_wconf 79' lang='lat' dir='ltr'><strong>vereque</strong></span> <span class='ocrx_word' id='word_1_96' title='bbox 791 1220 984 1301; x_wconf 89' lang='lat' dir='ltr'><strong>imperatoria</strong></span> <span class='ocrx_word' id='word_1_97' title='bbox 994 1211 1111 1301; x_wconf 77' lang='grc' dir='ltr'><em>γνώμη,</em></span> <span class='ocrx_word' id='word_1_98' title='bbox 1128 1218 1230 1301; x_wconf 86' lang='lat' dir='ltr'><strong>quales</strong></span> <span class='ocrx_word' id='word_1_99' title='bbox 1247 1222 1280 1283; x_wconf 90' lang='lat' dir='ltr'><strong>in</strong></span> 
     </span>
     <span class='ocr_line' id='line_1_13' title="bbox 188 1301 1277 1387; baseline 0.001 -23"><span class='ocrx_word' id='word_1_100' title='bbox 188 1305 249 1364; x_wconf 86' lang='lat' dir='ltr'><strong>bac</strong></span> <span class='ocrx_word' id='word_1_101' title='bbox 274 1304 401 1364; x_wconf 87' lang='lat' dir='ltr'><strong>historia</strong></span> <span class='ocrx_word' id='word_1_102' title='bbox 422 1301 605 1384; x_wconf 79' lang='lat' dir='ltr'><strong>complures.</strong></span> <span class='ocrx_word' id='word_1_103' title='bbox 630 1302 743 1363; x_wconf 81' lang='lat' dir='ltr'><em>Melior</em></span> <span class='ocrx_word' id='word_1_104' title='bbox 760 1315 813 1381; x_wconf 86' lang='lat' dir='ltr'><strong>est,</strong></span> <span class='ocrx_word' id='word_1_105' title='bbox 831 1303 883 1387; x_wconf 78' lang='lat' dir='ltr'><strong>qui</strong></span> <span class='ocrx_word' id='word_1_106' title='bbox 898 1303 1077 1363; x_wconf 74' lang='lat' dir='ltr'><em>dominatur</em></span> <span class='ocrx_word' id='word_1_107' title='bbox 1097 1307 1202 1364; x_wconf 84' lang='lat' dir='ltr'><strong>animo</strong></span> <span class='ocrx_word' id='word_1_108' title='bbox 1216 1326 1277 1380; x_wconf 84' lang='lat' dir='ltr'><strong>suo,</strong></span> 
     </span>
     <span class='ocr_line' id='line_1_14' title="bbox 185 1384 1280 1470; baseline 0.002 -23"><span class='ocrx_word' id='word_1_109' title='bbox 185 1400 395 1470; x_wconf 68' lang='lat' dir='ltr'><strong><em>expugnatore</em></strong></span> <span class='ocrx_word' id='word_1_110' title='bbox 415 1387 542 1449; x_wconf 71' lang='lat' dir='ltr'><strong>rubium.</strong></span> <span class='ocrx_word' id='word_1_111' title='bbox 564 1384 719 1446; x_wconf 69' lang='lat' dir='ltr'><strong>‘Proverb</strong></span> <span class='ocrx_word' id='word_1_112' title='bbox 745 1384 790 1447; x_wconf 80' lang='lat'><strong>16.</strong></span> <span class='ocrx_word' id='word_1_113' title='bbox 812 1385 908 1445; x_wconf 87' lang='lat' dir='ltr'><strong>Poeta</strong></span> <span class='ocrx_word' id='word_1_114' title='bbox 932 1386 1069 1468; x_wconf 75' lang='lat' dir='ltr'><strong>quidemr</strong></span> <span class='ocrx_word' id='word_1_115' title='bbox 1091 1387 1218 1447; x_wconf 79' lang='lat' dir='ltr'><strong>Fortior</strong></span> <span class='ocrx_word' id='word_1_116' title='bbox 1236 1402 1280 1449; x_wconf 86' lang='lat' dir='ltr'><strong>est</strong></span> 
     </span>
     <span class='ocr_line' id='line_1_15' title="bbox 188 1468 1278 1553; baseline 0.002 -23"><span class='ocrx_word' id='word_1_117' title='bbox 188 1470 242 1553; x_wconf 81' lang='lat' dir='ltr'><strong>qui</strong></span> <span class='ocrx_word' id='word_1_118' title='bbox 260 1492 302 1543; x_wconf 84' lang='lat' dir='ltr'><strong>se,</strong></span> <span class='ocrx_word' id='word_1_119' title='bbox 330 1489 425 1552; x_wconf 83' lang='lat' dir='ltr'><strong>quam</strong></span> <span class='ocrx_word' id='word_1_120' title='bbox 443 1470 496 1553; x_wconf 80' lang='lat' dir='ltr'><strong>qui</strong></span> <span class='ocrx_word' id='word_1_121' title='bbox 512 1470 690 1547; x_wconf 84' lang='lat' dir='ltr'><strong>fortissima</strong></span> <span class='ocrx_word' id='word_1_122' title='bbox 709 1469 811 1533; x_wconf 81' lang='lat' dir='ltr'><strong>uincit.</strong></span> <span class='ocrx_word' id='word_1_123' title='bbox 852 1468 965 1529; x_wconf 83' lang='lat' dir='ltr'><strong>Seneca</strong></span> <span class='ocrx_word' id='word_1_124' title='bbox 989 1468 1127 1533; x_wconf 80' lang='lat' dir='ltr'>Natural.</span> <span class='ocrx_word' id='word_1_125' title='bbox 1153 1471 1278 1547; x_wconf 86' lang='lat' dir='ltr'><strong>Quaest.</strong></span> 
     </span>
     <span class='ocr_line' id='line_1_16' title="bbox 186 1551 1286 1639; baseline 0.003 -27"><span class='ocrx_word' id='word_1_126' title='bbox 186 1551 246 1617; x_wconf 88' lang='lat' dir='ltr'><strong>lrb.</strong></span> <span class='ocrx_word' id='word_1_127' title='bbox 268 1553 319 1613; x_wconf 76' lang='lat'><strong>3.:</strong></span> <span class='ocrx_word' id='word_1_128' title='bbox 342 1553 573 1613; x_wconf 71' lang='lat' dir='ltr'><strong>innumerabiles</strong></span> <span class='ocrx_word' id='word_1_129' title='bbox 589 1565 664 1627; x_wconf 81' lang='lat' dir='ltr'><strong>suat,</strong></span> <span class='ocrx_word' id='word_1_130' title='bbox 694 1556 748 1637; x_wconf 83' lang='lat' dir='ltr'><strong>qra&#39;</strong></span> <span class='ocrx_word' id='word_1_131' title='bbox 765 1552 860 1631; x_wconf 83' lang='lat' dir='ltr'><strong>urbes,</strong></span> <span class='ocrx_word' id='word_1_132' title='bbox 881 1554 933 1639; x_wconf 84' lang='lat' dir='ltr'><strong>qra&#39;</strong></span> <span class='ocrx_word' id='word_1_133' title='bbox 947 1554 1075 1638; x_wconf 82' lang='lat' dir='ltr'><strong>populos</strong></span> <span class='ocrx_word' id='word_1_134' title='bbox 1099 1554 1228 1615; x_wconf 82' lang='lat' dir='ltr'><strong>habuere</strong></span> <span class='ocrx_word' id='word_1_135' title='bbox 1246 1556 1286 1621; x_wconf 63' lang='lat'><strong>1&#39;11⁴</strong></span> 
     </span>
     <span class='ocr_line' id='line_1_17' title="bbox 185 1637 843 1722; baseline -0.002 -27"><span class='ocrx_word' id='word_1_136' title='bbox 185 1647 344 1719; x_wconf 71' lang='lat' dir='ltr'><strong>potestate,</strong></span> <span class='ocrx_word' id='word_1_137' title='bbox 362 1637 556 1720; x_wconf 73' lang='lat' dir='ltr'><strong>permissimi,</strong></span> <span class='ocrx_word' id='word_1_138' title='bbox 573 1637 626 1722; x_wconf 84' lang='lat' dir='ltr'><strong>qui</strong></span> <span class='ocrx_word' id='word_1_139' title='bbox 642 1657 683 1695; x_wconf 83' lang='lat' dir='ltr'><strong>se.</strong></span> <span class='ocrx_word' id='word_1_140' title='bbox 712 1655 843 1696; x_wconf 71' lang='lat' dir='ltr'><strong>sorren.</strong></span> 
     </span>
    </p>

    <p class='ocr_par' dir='ltr' id='par_1_6' title="bbox 187 1716 1281 1965">
     <span class='ocr_line' id='line_1_18' title="bbox 270 1716 1280 1801; baseline 0 -21"><span class='ocrx_word' id='word_1_141' title='bbox 270 1718 350 1801; x_wconf 65' lang='lat' dir='ltr'><strong>Peg.</strong></span> <span class='ocrx_word' id='word_1_142' title='bbox 365 1738 432 1794; x_wconf 84' lang='lat' dir='ltr'><strong>rm,</strong></span> <span class='ocrx_word' id='word_1_143' title='bbox 447 1739 499 1784; x_wconf 82' lang='lat' dir='ltr'><strong>as.</strong></span> <span class='ocrx_word' id='word_1_144' title='bbox 521 1732 645 1780; x_wconf 84' lang='lat' dir='ltr'><strong>oestro</strong></span> <span class='ocrx_word' id='word_1_145' title='bbox 678 1740 719 1779; x_wconf 87' lang='lat' dir='ltr'><strong>ue</strong></span> <span class='ocrx_word' id='word_1_146' title='bbox 735 1739 798 1779; x_wconf 78' lang='lat' dir='ltr'><strong>uos</strong></span> <span class='ocrx_word' id='word_1_147' title='bbox 809 1716 905 1801; x_wconf 85' lang='lat' dir='ltr'><strong>pede</strong></span> <span class='ocrx_word' id='word_1_148' title='bbox 923 1717 1126 1783; x_wconf 81' lang='lat' dir='ltr'><strong>metientes.</strong></span> <span class='ocrx_word' id='word_1_149' title='bbox 1146 1717 1196 1779; x_wconf 89' lang='lat' dir='ltr'><strong>Sic</strong></span> <span class='ocrx_word' id='word_1_150' title='bbox 1209 1718 1280 1780; x_wconf 84' lang='lat' dir='ltr'><strong>red-</strong></span> 
     </span>
     <span class='ocr_line' id='line_1_19' title="bbox 187 1794 1280 1882; baseline 0.003 -21"><span class='ocrx_word' id='word_1_151' title='bbox 187 1800 242 1872; x_wconf 83' lang='lat' dir='ltr'><strong>do,</strong></span> <span class='ocrx_word' id='word_1_152' title='bbox 267 1801 349 1882; x_wconf 90' lang='lat' dir='ltr'><strong>quod</strong></span> <span class='ocrx_word' id='word_1_153' title='bbox 375 1802 491 1862; x_wconf 83' lang='lat' dir='ltr'><strong>Graece</strong></span> <span class='ocrx_word' id='word_1_154' title='bbox 510 1812 554 1863; x_wconf 89' lang='lat' dir='ltr'><strong>est</strong></span> <span class='ocrx_word' id='word_1_155' title='bbox 574 1796 620 1882; x_wconf 68' lang='grc' dir='ltr'><strong>μή</strong></span> <span class='ocrx_word' id='word_1_156' title='bbox 639 1794 777 1882; x_wconf 75' lang='lat' dir='ltr'><strong>culpmi</strong></span> <span class='ocrx_word' id='word_1_157' title='bbox 795 1801 909 1880; x_wconf 73' lang='grc' dir='ltr'><strong><em>μέτρια</em></strong></span> <span class='ocrx_word' id='word_1_158' title='bbox 924 1805 1063 1881; x_wconf 77' lang='grc' dir='ltr'><strong>φρονεῖν.</strong></span> <span class='ocrx_word' id='word_1_159' title='bbox 1078 1802 1136 1862; x_wconf 88' lang='lat' dir='ltr'><strong>Est</strong></span> <span class='ocrx_word' id='word_1_160' title='bbox 1156 1802 1228 1862; x_wconf 86' lang='lat' dir='ltr'><strong>item</strong></span> <span class='ocrx_word' id='word_1_161' title='bbox 1246 1805 1280 1864; x_wconf 92' lang='lat' dir='ltr'><strong>in</strong></span> 
     </span>
     <span class='ocr_line' id='line_1_20' title="bbox 187 1882 1281 1965; baseline 0.003 -21"><span class='ocrx_word' id='word_1_162' title='bbox 187 1882 270 1962; x_wconf 86' lang='lat' dir='ltr'><strong>illos,</strong></span> <span class='ocrx_word' id='word_1_163' title='bbox 290 1885 344 1963; x_wconf 90' lang='lat' dir='ltr'><strong>qui</strong></span> <span class='ocrx_word' id='word_1_164' title='bbox 361 1885 500 1945; x_wconf 87' lang='lat' dir='ltr'><strong>secundis</strong></span> <span class='ocrx_word' id='word_1_165' title='bbox 534 1883 625 1944; x_wconf 87' lang='lat' dir='ltr'><strong>rebus</strong></span> <span class='ocrx_word' id='word_1_166' title='bbox 640 1885 849 1965; x_wconf 80' lang='lat' dir='ltr'><strong>prosperisque</strong></span> <span class='ocrx_word' id='word_1_167' title='bbox 874 1882 1060 1943; x_wconf 74' lang='lat' dir='ltr'><strong>successibus</strong></span> <span class='ocrx_word' id='word_1_168' title='bbox 1082 1883 1226 1946; x_wconf 82' lang='lat' dir='ltr'><strong>inflantur</strong></span> <span class='ocrx_word' id='word_1_169' title='bbox 1249 1897 1281 1947; x_wconf 87' lang='lat' dir='ltr'><strong>et</strong></span> 
     </span>
    </p>
   </div>
   <div class='ocr_carea' id='block_1_4' title="bbox 88 1966 1280 2049">
    <p class='ocr_par' dir='ltr' id='par_1_7' title="bbox 88 1966 1280 2049">
     <span class='ocr_line' id='line_1_21' title="bbox 88 1966 1280 2049; baseline 0.005 -25"><span class='ocrx_word' id='word_1_170' title='bbox 88 2036 93 2041; x_wconf 93' lang='lat'>.</span> <span class='ocrx_word' id='word_1_171' title='bbox 184 1968 402 2042; x_wconf 90' lang='lat' dir='ltr'><strong>intumescunt,</strong></span> <span class='ocrx_word' id='word_1_172' title='bbox 426 1966 513 2027; x_wconf 87' lang='lat' dir='ltr'><strong>aliud</strong></span> <span class='ocrx_word' id='word_1_173' title='bbox 534 1967 688 2049; x_wconf 81' lang='lat' dir='ltr'><strong>adagium,</strong></span> <span class='ocrx_word' id='word_1_174' title='bbox 711 1967 844 2027; x_wconf 79' lang='lat' dir='ltr'><strong>unrbram</strong></span> <span class='ocrx_word' id='word_1_175' title='bbox 866 1988 950 2026; x_wconf 81' lang='lat' dir='ltr'><strong>acam</strong></span> <span class='ocrx_word' id='word_1_176' title='bbox 971 1968 1081 2027; x_wconf 79' lang='lat' dir='ltr'><strong>oretiri.</strong></span> <span class='ocrx_word' id='word_1_177' title='bbox 1112 1968 1280 2030; x_wconf 80' lang='lat' dir='ltr'><strong>Nemeum</strong></span> 
     </span>
    </p>
   </div>
   <div class='ocr_carea' id='block_1_5' title="bbox 182 2048 1282 2631">
    <p class='ocr_par' dir='ltr' id='par_1_8' title="bbox 182 2048 1282 2463">
     <span class='ocr_line' id='line_1_22' title="bbox 185 2048 1279 2131; baseline 0.004 -24"><span class='ocrx_word' id='word_1_178' title='bbox 185 2048 346 2129; x_wconf 88' lang='lat' dir='ltr'><strong>Philippus</strong></span> <span class='ocrx_word' id='word_1_179' title='bbox 368 2049 508 2131; x_wconf 81' lang='lat' dir='ltr'><strong>Macedo,</strong></span> <span class='ocrx_word' id='word_1_180' title='bbox 523 2051 611 2111; x_wconf 82' lang='lat' dir='ltr'><strong>victis</strong></span> <span class='ocrx_word' id='word_1_181' title='bbox 632 2049 714 2130; x_wconf 85' lang='lat' dir='ltr'><strong>apud</strong></span> <span class='ocrx_word' id='word_1_182' title='bbox 738 2049 946 2110; x_wconf 84' lang='lat' dir='ltr'><strong>Chaeroneam</strong></span> <span class='ocrx_word' id='word_1_183' title='bbox 969 2049 1279 2129; x_wconf 85' lang='lat' dir='ltr'><strong>Atheniensibus,ar-</strong></span> 
     </span>
     <span class='ocr_line' id='line_1_23' title="bbox 182 2131 1278 2215; baseline 0.005 -25"><span class='ocrx_word' id='word_1_184' title='bbox 182 2133 337 2213; x_wconf 81' lang='lat' dir='ltr'><strong>rogantina</strong></span> <span class='ocrx_word' id='word_1_185' title='bbox 357 2132 395 2193; x_wconf 91' lang='lat' dir='ltr'><strong>de</strong></span> <span class='ocrx_word' id='word_1_186' title='bbox 419 2154 451 2193; x_wconf 87' lang='lat' dir='ltr'><strong>se</strong></span> <span class='ocrx_word' id='word_1_187' title='bbox 474 2138 598 2194; x_wconf 85' lang='lat' dir='ltr'><strong>sentiret</strong></span> <span class='ocrx_word' id='word_1_188' title='bbox 618 2131 792 2213; x_wconf 86' lang='lat' dir='ltr'><strong>litterasque</strong></span> <span class='ocrx_word' id='word_1_189' title='bbox 826 2132 867 2192; x_wconf 86' lang='lat' dir='ltr'><strong>ad</strong></span> <span class='ocrx_word' id='word_1_190' title='bbox 891 2131 1123 2209; x_wconf 82' lang='lat' dir='ltr'><strong>Archidamum,</strong></span> <span class='ocrx_word' id='word_1_191' title='bbox 1146 2133 1278 2215; x_wconf 83' lang='lat' dir='ltr'><strong>Agesilai</strong></span> 
     </span>
     <span class='ocr_line' id='line_1_24' title="bbox 185 2214 1282 2312; baseline 0.005 -39"><span class='ocrx_word' id='word_1_192' title='bbox 185 2214 294 2293; x_wconf 86' lang='lat' dir='ltr'><strong>filium,</strong></span> <span class='ocrx_word' id='word_1_193' title='bbox 316 2216 446 2297; x_wconf 86' lang='lat' dir='ltr'><strong>superbe</strong></span> <span class='ocrx_word' id='word_1_194' title='bbox 470 2227 500 2276; x_wconf 86' lang='lat' dir='ltr'><strong>et</strong></span> <span class='ocrx_word' id='word_1_195' title='bbox 532 2236 636 2312; x_wconf 85' lang='lat' dir='ltr'><strong>aspere</strong></span> <span class='ocrx_word' id='word_1_196' title='bbox 656 2216 782 2295; x_wconf 88' lang='lat' dir='ltr'><strong>scriptas</strong></span> <span class='ocrx_word' id='word_1_197' title='bbox 802 2214 950 2290; x_wconf 87' lang='lat' dir='ltr'><strong>dedisset,</strong></span> <span class='ocrx_word' id='word_1_198' title='bbox 971 2215 1126 2295; x_wconf 89' lang='lat' dir='ltr'><strong>respond1t</strong></span> <span class='ocrx_word' id='word_1_199' title='bbox 1146 2215 1215 2277; x_wconf 84' lang='lat' dir='ltr'><strong>illc:</strong></span> <span class='ocrx_word' id='word_1_200' title='bbox 1251 2216 1282 2278; x_wconf 77' lang='grc' dir='ltr'><strong>εἰ</strong></span> 
     </span>
     <span class='ocr_line' id='line_1_25' title="bbox 185 2286 1278 2380; baseline 0.002 -22"><span class='ocrx_word' id='word_1_201' title='bbox 185 2295 353 2377; x_wconf 68' lang='grc' dir='ltr'><strong>μετρήσας</strong></span> <span class='ocrx_word' id='word_1_202' title='bbox 372 2293 431 2378; x_wconf 70' lang='grc' dir='ltr'><strong>τὴν</strong></span> <span class='ocrx_word' id='word_1_203' title='bbox 452 2318 575 2360; x_wconf 85' lang='grc' dir='ltr'><em>σοντον</em></span> <span class='ocrx_word' id='word_1_204' title='bbox 597 2293 711 2375; x_wconf 79' lang='grc' dir='ltr'><em>σκιὰν,</em></span> <span class='ocrx_word' id='word_1_205' title='bbox 742 2295 800 2357; x_wconf 71' lang='grc' dir='ltr'><strong>οὐκ</strong></span> <span class='ocrx_word' id='word_1_206' title='bbox 829 2286 869 2357; x_wconf 71' lang='grc' dir='ltr'><strong>ἂν</strong></span> <span class='ocrx_word' id='word_1_207' title='bbox 892 2289 1118 2380; x_wconf 63' lang='lat' dir='ltr'><strong>adpetendain</strong></span> <span class='ocrx_word' id='word_1_208' title='bbox 1144 2293 1278 2378; x_wconf 76' lang='grc' dir='ltr'><em>μείζονα</em></span> 
     </span>
     <span class='ocr_line' id='line_1_26' title="bbox 185 2371 931 2463; baseline 0.001 -23"><span class='ocrx_word' id='word_1_209' title='bbox 185 2380 401 2462; x_wconf 69' lang='grc' dir='ltr'><strong>γεγενημένην,</strong></span> <span class='ocrx_word' id='word_1_210' title='bbox 424 2371 446 2463; x_wconf 79' lang='grc' dir='ltr'><em>ἢ</em></span> <span class='ocrx_word' id='word_1_211' title='bbox 466 2380 541 2463; x_wconf 73' lang='grc' dir='ltr'><strong>πρὶν</strong></span> <span class='ocrx_word' id='word_1_212' title='bbox 562 2380 662 2455; x_wconf 63' lang='grc' dir='ltr'><em>νοκᾶν.</em></span> <span class='ocrx_word' id='word_1_213' title='bbox 689 2400 818 2441; x_wconf 74' lang='lat' dir='ltr'><strong>rorrsr.</strong></span> <span class='ocrx_word' id='word_1_214' title='bbox 929 2448 931 2453; x_wconf 68' lang='lat'><strong>,</strong></span> 
     </span>
    </p>

    <p class='ocr_par' dir='ltr' id='par_1_9' title="bbox 269 2443 923 2543">
     <span class='ocr_line' id='line_1_27' title="bbox 269 2443 923 2543; baseline -0.008 -16"><span class='ocrx_word' id='word_1_215' title='bbox 269 2465 353 2543; x_wconf 80' lang='lat' dir='ltr'><strong>Pag.</strong></span> <span class='ocrx_word' id='word_1_216' title='bbox 381 2465 450 2540; x_wconf 80' lang='lat'><strong>113,</strong></span> <span class='ocrx_word' id='word_1_217' title='bbox 476 2485 504 2524; x_wconf 89' lang='lat'><strong>1.</strong></span> <span class='ocrx_word' id='word_1_218' title='bbox 545 2443 702 2543; x_wconf 58' lang='grc' dir='ltr'><strong><em>τῆς’πρός</em></strong></span> <span class='ocrx_word' id='word_1_219' title='bbox 720 2457 854 2540; x_wconf 72' lang='grc' dir='ltr'><strong><em>βασιλέα</em></strong></span> <span class='ocrx_word' id='word_1_220' title='bbox 877 2459 923 2529; x_wconf 84' lang='grc' dir='ltr'><strong>Μ.</strong></span> 
     </span>
    </p>

    <p class='ocr_par' dir='ltr' id='par_1_10' title="bbox 269 2540 1276 2631">
     <span class='ocr_line' id='line_1_28' title="bbox 269 2540 1276 2631; baseline 0.003 -25"><span class='ocrx_word' id='word_1_221' title='bbox 269 2546 352 2628; x_wconf 78' lang='lat' dir='ltr'><strong>Pag.</strong></span> <span class='ocrx_word' id='word_1_222' title='bbox 383 2548 453 2625; x_wconf 78' lang='lat'><strong>113,</strong></span> <span class='ocrx_word' id='word_1_223' title='bbox 479 2548 526 2607; x_wconf 78' lang='lat'><strong>13.</strong></span> <span class='ocrx_word' id='word_1_224' title='bbox 569 2540 745 2631; x_wconf 72' lang='grc' dir='ltr'><strong>Συργιοίννρ</strong></span> <span class='ocrx_word' id='word_1_225' title='bbox 774 2547 818 2613; x_wconf 87' lang='grc' dir='ltr'><strong>Μ.</strong></span> <span class='ocrx_word' id='word_1_226' title='bbox 849 2556 941 2609; x_wconf 79' lang='lat' dir='ltr'><strong>recte·</strong></span> <span class='ocrx_word' id='word_1_227' title='bbox 984 2543 1070 2608; x_wconf 83' lang='lat' dir='ltr'><strong>Idem</strong></span> <span class='ocrx_word' id='word_1_228' title='bbox 1102 2565 1139 2607; x_wconf 84' lang='lat' dir='ltr'><strong>cx</strong></span> <span class='ocrx_word' id='word_1_229' title='bbox 1170 2547 1276 2609; x_wconf 82' lang='lat' dir='ltr'><strong>eodem</strong></span> 
     </span>
    </p>
   </div>
   <div class='ocr_carea' id='block_1_6' title="bbox 186 2628 455 2787">
    <p class='ocr_par' dir='ltr' id='par_1_11' title="bbox 186 2628 455 2787">
     <span class='ocr_line' id='line_1_29' title="bbox 186 2628 455 2787; baseline 0.015 -97"><span class='ocrx_word' id='word_1_230' title='bbox 186 2629 244 2713; x_wconf 68' lang='lat' dir='ltr'><strong>reg.</strong></span> <span class='ocrx_word' id='word_1_231' title='bbox 268 2652 300 2712; x_wconf 71' lang='grc' dir='ltr'><strong>ρ.</strong></span> <span class='ocrx_word' id='word_1_232' title='bbox 329 2628 399 2707; x_wconf 74' lang='lat' dir='ltr'><strong>ns,</strong></span> <span class='ocrx_word' id='word_1_233' title='bbox 415 2649 455 2787; x_wconf 69' lang='lat' dir='ltr'><strong>p</strong></span> 
     </span>
    </p>
   </div>
   <div class='ocr_carea' id='block_1_7' title="bbox 185 2704 1290 4214">
    <p class='ocr_par' dir='ltr' id='par_1_12' title="bbox 270 2704 844 2794">
     <span class='ocr_line' id='line_1_30' title="bbox 270 2704 844 2794; baseline -0.003 -19"><span class='ocrx_word' id='word_1_234' title='bbox 270 2712 354 2794; x_wconf 79' lang='lat' dir='ltr'><strong>Pag.</strong></span> <span class='ocrx_word' id='word_1_235' title='bbox 378 2733 409 2772; x_wconf 86' lang='grc' dir='ltr'><strong>ιι</strong></span> <span class='ocrx_word' id='word_1_236' title='bbox 437 2710 501 2789; x_wconf 88' lang='grc'><strong>,6.</strong></span> <span class='ocrx_word' id='word_1_237' title='bbox 542 2704 699 2772; x_wconf 71' lang='grc' dir='ltr'><em>δούλωσιν</em></span> <span class='ocrx_word' id='word_1_238' title='bbox 721 2712 766 2774; x_wconf 91' lang='grc' dir='ltr'><strong>Μ.</strong></span> <span class='ocrx_word' id='word_1_239' title='bbox 841 2783 844 2789; x_wconf 24' lang='grc' dir='ltr'><strong><em>Ι</em></strong></span> 
     </span>
    </p>

    <p class='ocr_par' dir='ltr' id='par_1_13' title="bbox 185 2790 1278 3547">
     <span class='ocr_line' id='line_1_31' title="bbox 268 2790 1277 2879; baseline -0.002 -22"><span class='ocrx_word' id='word_1_240' title='bbox 268 2798 352 2877; x_wconf 74' lang='lat' dir='ltr'><strong>Pag.</strong></span> <span class='ocrx_word' id='word_1_241' title='bbox 375 2794 445 2873; x_wconf 72' lang='lat'><strong>114,</strong></span> <span class='ocrx_word' id='word_1_242' title='bbox 472 2817 500 2879; x_wconf 77' lang='lat'><strong>7.</strong></span> <span class='ocrx_word' id='word_1_243' title='bbox 533 2794 588 2874; x_wconf 77' lang='grc' dir='ltr'><strong>τῆς</strong></span> <span class='ocrx_word' id='word_1_244' title='bbox 608 2794 666 2874; x_wconf 76' lang='grc' dir='ltr'><strong>σῆς</strong></span> <span class='ocrx_word' id='word_1_245' title='bbox 684 2792 743 2872; x_wconf 76' lang='grc' dir='ltr'><strong>μὲν</strong></span> <span class='ocrx_word' id='word_1_246' title='bbox 766 2790 910 2876; x_wconf 69' lang='grc' dir='ltr'><strong>ἀνεψιᾶς,</strong></span> <span class='ocrx_word' id='word_1_247' title='bbox 934 2790 1013 2877; x_wconf 73' lang='grc' dir='ltr'><strong>ἐμῆς</strong></span> <span class='ocrx_word' id='word_1_248' title='bbox 1034 2795 1071 2857; x_wconf 77' lang='lat' dir='ltr'><strong>di</strong></span> <span class='ocrx_word' id='word_1_249' title='bbox 1091 2795 1192 2865; x_wconf 75' lang='grc' dir='ltr'><strong>θείας.</strong></span> <span class='ocrx_word' id='word_1_250' title='bbox 1213 2792 1277 2855; x_wconf 82' lang='grc' dir='ltr'><strong>Νο-</strong></span> 
     </span>
     <span class='ocr_line' id='line_1_32' title="bbox 187 2877 1278 2962; baseline -0.004 -20"><span class='ocrx_word' id='word_1_251' title='bbox 187 2883 316 2943; x_wconf 83' lang='lat' dir='ltr'><strong>cessario</strong></span> <span class='ocrx_word' id='word_1_252' title='bbox 336 2890 464 2962; x_wconf 87' lang='lat' dir='ltr'><strong>propter</strong></span> <span class='ocrx_word' id='word_1_253' title='bbox 490 2877 713 2938; x_wconf 84' lang='lat' dir='ltr'><strong>distinctionem</strong></span> <span class='ocrx_word' id='word_1_254' title='bbox 740 2877 867 2939; x_wconf 81' lang='lat' dir='ltr'><strong>dirersis</strong></span> <span class='ocrx_word' id='word_1_255' title='bbox 896 2879 1020 2941; x_wconf 87' lang='lat' dir='ltr'><strong>vocibus</strong></span> <span class='ocrx_word' id='word_1_256' title='bbox 1050 2880 1101 2941; x_wconf 90' lang='lat' dir='ltr'><strong>bic</strong></span> <span class='ocrx_word' id='word_1_257' title='bbox 1133 2881 1189 2939; x_wconf 89' lang='lat' dir='ltr'><strong>ista</strong></span> <span class='ocrx_word' id='word_1_258' title='bbox 1215 2877 1278 2938; x_wconf 91' lang='lat' dir='ltr'><strong>duo</strong></span> 
     </span>
     <span class='ocr_line' id='line_1_33' title="bbox 187 2960 1277 3045; baseline -0.005 -20"><span class='ocrx_word' id='word_1_259' title='bbox 187 2962 396 3026; x_wconf 83' lang='lat' dir='ltr'><strong>transferenda</strong></span> <span class='ocrx_word' id='word_1_260' title='bbox 417 2971 511 3041; x_wconf 91' lang='lat' dir='ltr'><strong>sunt,</strong></span> <span class='ocrx_word' id='word_1_261' title='bbox 547 2981 679 3042; x_wconf 89' lang='lat' dir='ltr'><strong>quorum</strong></span> <span class='ocrx_word' id='word_1_262' title='bbox 707 2971 872 3043; x_wconf 81' lang='lat' dir='ltr'><strong>utrumque</strong></span> <span class='ocrx_word' id='word_1_263' title='bbox 891 2960 981 3023; x_wconf 85' lang='lat' dir='ltr'><strong>latios</strong></span> <span class='ocrx_word' id='word_1_264' title='bbox 1000 2963 1200 3045; x_wconf 76' lang='lat' dir='ltr'><strong>significatum</strong></span> <span class='ocrx_word' id='word_1_265' title='bbox 1220 2961 1277 3020; x_wconf 90' lang='lat' dir='ltr'><strong>ha-</strong></span> 
     </span>
     <span class='ocr_line' id='line_1_34' title="bbox 188 3042 1277 3126; baseline -0.006 -17"><span class='ocrx_word' id='word_1_266' title='bbox 188 3048 262 3109; x_wconf 91' lang='lat' dir='ltr'><strong>bere</strong></span> <span class='ocrx_word' id='word_1_267' title='bbox 282 3066 372 3126; x_wconf 87' lang='lat' dir='ltr'><strong>supra</strong></span> <span class='ocrx_word' id='word_1_268' title='bbox 392 3046 577 3106; x_wconf 89' lang='lat' dir='ltr'><strong>monuimus.</strong></span> <span class='ocrx_word' id='word_1_269' title='bbox 619 3042 701 3105; x_wconf 85' lang='lat' dir='ltr'><strong>Vere</strong></span> <span class='ocrx_word' id='word_1_270' title='bbox 717 3056 819 3105; x_wconf 86' lang='lat' dir='ltr'><strong>autem</strong></span> <span class='ocrx_word' id='word_1_271' title='bbox 834 3045 971 3126; x_wconf 82' lang='lat' dir='ltr'><strong>Eugeuia</strong></span> <span class='ocrx_word' id='word_1_272' title='bbox 991 3045 1161 3106; x_wconf 81' lang='lat' dir='ltr'><strong>Andronici</strong></span> <span class='ocrx_word' id='word_1_273' title='bbox 1181 3044 1277 3103; x_wconf 87' lang='lat' dir='ltr'><strong>maio-</strong></span> 
     </span>
     <span class='ocr_line' id='line_1_35' title="bbox 187 3127 1275 3204; baseline -0.004 -13"><span class='ocrx_word' id='word_1_274' title='bbox 187 3134 230 3191; x_wconf 86' lang='lat' dir='ltr'><strong>ris</strong></span> <span class='ocrx_word' id='word_1_275' title='bbox 247 3132 372 3191; x_wconf 87' lang='lat' dir='ltr'><strong>amitina</strong></span> <span class='ocrx_word' id='word_1_276' title='bbox 392 3129 476 3204; x_wconf 86' lang='lat' dir='ltr'><strong>fuit,</strong></span> <span class='ocrx_word' id='word_1_277' title='bbox 501 3130 527 3188; x_wconf 90' lang='lat' dir='ltr'><strong>si</strong></span> <span class='ocrx_word' id='word_1_278' title='bbox 555 3129 672 3189; x_wconf 86' lang='lat' dir='ltr'><strong>amitini</strong></span> <span class='ocrx_word' id='word_1_279' title='bbox 697 3139 770 3188; x_wconf 88' lang='lat' dir='ltr'><strong>sunt</strong></span> <span class='ocrx_word' id='word_1_280' title='bbox 792 3129 920 3190; x_wconf 78' lang='lat' dir='ltr'><strong>fratrum</strong></span> <span class='ocrx_word' id='word_1_281' title='bbox 950 3139 982 3190; x_wconf 89' lang='lat' dir='ltr'><strong>et</strong></span> <span class='ocrx_word' id='word_1_282' title='bbox 1014 3144 1153 3190; x_wconf 84' lang='lat' dir='ltr'><strong>sororum</strong></span> <span class='ocrx_word' id='word_1_283' title='bbox 1174 3127 1275 3188; x_wconf 88' lang='lat' dir='ltr'><strong>liberi.</strong></span> 
     </span>
     <span class='ocr_line' id='line_1_36' title="bbox 185 3210 1278 3294; baseline -0.004 -19"><span class='ocrx_word' id='word_1_284' title='bbox 185 3212 317 3276; x_wconf 87' lang='lat' dir='ltr'><strong>Michael</strong></span> <span class='ocrx_word' id='word_1_285' title='bbox 339 3214 421 3273; x_wconf 88' lang='lat' dir='ltr'><strong>enim</strong></span> <span class='ocrx_word' id='word_1_286' title='bbox 436 3210 646 3294; x_wconf 81' lang='lat' dir='ltr'><strong>Palaeologus.</strong></span> <span class='ocrx_word' id='word_1_287' title='bbox 673 3211 842 3274; x_wconf 87' lang='lat' dir='ltr'><strong>Andronici</strong></span> <span class='ocrx_word' id='word_1_288' title='bbox 864 3223 962 3293; x_wconf 85' lang='lat' dir='ltr'><strong>pater,</strong></span> <span class='ocrx_word' id='word_1_289' title='bbox 982 3212 1064 3272; x_wconf 85' lang='lat' dir='ltr'><strong>idem</strong></span> <span class='ocrx_word' id='word_1_290' title='bbox 1085 3212 1190 3273; x_wconf 89' lang='lat' dir='ltr'><strong>matris</strong></span> <span class='ocrx_word' id='word_1_291' title='bbox 1210 3211 1278 3271; x_wconf 89' lang='lat' dir='ltr'><strong>Eu·</strong></span> 
     </span>
     <span class='ocr_line' id='line_1_37' title="bbox 189 3296 1277 3379; baseline -0.003 -22"><span class='ocrx_word' id='word_1_292' title='bbox 189 3298 295 3379; x_wconf 81' lang='lat' dir='ltr'><strong>geniae</strong></span> <span class='ocrx_word' id='word_1_293' title='bbox 317 3296 423 3372; x_wconf 83' lang='lat' dir='ltr'><strong>frater,</strong></span> <span class='ocrx_word' id='word_1_294' title='bbox 445 3316 550 3379; x_wconf 88' lang='lat' dir='ltr'><strong>quam,</strong></span> <span class='ocrx_word' id='word_1_295' title='bbox 573 3297 764 3377; x_wconf 85' lang='lat' dir='ltr'><strong>respicientes</strong></span> <span class='ocrx_word' id='word_1_296' title='bbox 794 3296 1005 3355; x_wconf 78' lang='lat' dir='ltr'><strong>Andronicum</strong></span> <span class='ocrx_word' id='word_1_297' title='bbox 1025 3298 1195 3373; x_wconf 87' lang='lat' dir='ltr'><strong>iuniorem,</strong></span> <span class='ocrx_word' id='word_1_298' title='bbox 1228 3314 1277 3354; x_wconf 85' lang='lat' dir='ltr'><strong>se-</strong></span> 
     </span>
     <span class='ocr_line' id='line_1_38' title="bbox 188 3378 1277 3461; baseline 0 -21"><span class='ocrx_word' id='word_1_299' title='bbox 188 3382 284 3441; x_wconf 90' lang='lat' dir='ltr'><strong>nioris</strong></span> <span class='ocrx_word' id='word_1_300' title='bbox 309 3390 464 3461; x_wconf 88' lang='lat' dir='ltr'><strong>nepotem,</strong></span> <span class='ocrx_word' id='word_1_301' title='bbox 488 3379 704 3440; x_wconf 86' lang='lat' dir='ltr'><strong>consobrinam</strong></span> <span class='ocrx_word' id='word_1_302' title='bbox 724 3398 868 3440; x_wconf 87' lang='lat' dir='ltr'><strong>vocemus</strong></span> <span class='ocrx_word' id='word_1_303' title='bbox 887 3378 980 3460; x_wconf 73' lang='lat' dir='ltr'><strong>licet,</strong></span> <span class='ocrx_word' id='word_1_304' title='bbox 1004 3378 1088 3440; x_wconf 82' lang='lat' dir='ltr'><strong>aliud</strong></span> <span class='ocrx_word' id='word_1_305' title='bbox 1107 3379 1189 3439; x_wconf 85' lang='lat' dir='ltr'><strong>euim</strong></span> <span class='ocrx_word' id='word_1_306' title='bbox 1202 3397 1277 3440; x_wconf 81' lang='lat' dir='ltr'><strong>ma·</strong></span> 
     </span>
     <span class='ocr_line' id='line_1_39' title="bbox 185 3463 854 3547; baseline -0.004 -21"><span class='ocrx_word' id='word_1_307' title='bbox 185 3467 231 3546; x_wconf 70' lang='lat' dir='ltr'><strong>gis</strong></span> <span class='ocrx_word' id='word_1_308' title='bbox 248 3467 407 3547; x_wconf 85' lang='lat' dir='ltr'><strong>proprium</strong></span> <span class='ocrx_word' id='word_1_309' title='bbox 428 3484 491 3523; x_wconf 87' lang='lat' dir='ltr'><strong>uon</strong></span> <span class='ocrx_word' id='word_1_310' title='bbox 511 3463 692 3543; x_wconf 87' lang='lat' dir='ltr'><strong>suppeditat.</strong></span> <span class='ocrx_word' id='word_1_311' title='bbox 723 3482 854 3524; x_wconf 79' lang='lat' dir='ltr'><strong>rorrsu.</strong></span> 
     </span>
    </p>

    <p class='ocr_par' dir='ltr' id='par_1_14' title="bbox 270 3540 854 3629">
     <span class='ocr_line' id='line_1_40' title="bbox 270 3540 854 3629; baseline -0.003 -21"><span class='ocrx_word' id='word_1_312' title='bbox 270 3547 356 3629; x_wconf 52' lang='lat' dir='ltr'><strong>Paga</strong></span> <span class='ocrx_word' id='word_1_313' title='bbox 381 3544 449 3621; x_wconf 65' lang='lat'><strong>114,</strong></span> <span class='ocrx_word' id='word_1_314' title='bbox 476 3566 522 3607; x_wconf 80' lang='lat' dir='ltr'><strong>ro.</strong></span> <span class='ocrx_word' id='word_1_315' title='bbox 546 3540 701 3606; x_wconf 72' lang='grc' dir='ltr'><em>διῖθύνοιν</em></span> <span class='ocrx_word' id='word_1_316' title='bbox 722 3548 766 3606; x_wconf 88' lang='grc' dir='ltr'><strong>Μ.</strong></span> <span class='ocrx_word' id='word_1_317' title='bbox 792 3568 854 3629; x_wconf 80' lang='lat' dir='ltr'><strong>mg.</strong></span> 
     </span>
    </p>

    <p class='ocr_par' dir='ltr' id='par_1_15' title="bbox 187 3625 1290 4027">
     <span class='ocr_line' id='line_1_41' title="bbox 271 3625 1275 3714; baseline -0.004 -22"><span class='ocrx_word' id='word_1_318' title='bbox 271 3629 351 3712; x_wconf 70' lang='lat' dir='ltr'><strong>Pag.</strong></span> <span class='ocrx_word' id='word_1_319' title='bbox 379 3627 450 3708; x_wconf 73' lang='lat'><strong>114,</strong></span> <span class='ocrx_word' id='word_1_320' title='bbox 478 3650 523 3712; x_wconf 82' lang='lat'><strong>¹7·</strong></span> <span class='ocrx_word' id='word_1_321' title='bbox 552 3643 594 3689; x_wconf 84' lang='lat' dir='ltr'><strong>ut</strong></span> <span class='ocrx_word' id='word_1_322' title='bbox 619 3627 705 3689; x_wconf 86' lang='lat' dir='ltr'><strong>Deo</strong></span> <span class='ocrx_word' id='word_1_323' title='bbox 727 3632 935 3714; x_wconf 75' lang='lat' dir='ltr'><strong>placitam.</strong></span> <span class='ocrx_word' id='word_1_324' title='bbox 977 3627 1082 3689; x_wconf 85' lang='lat' dir='ltr'><strong>Verba</strong></span> <span class='ocrx_word' id='word_1_325' title='bbox 1103 3636 1174 3689; x_wconf 86' lang='lat' dir='ltr'><strong>sunt</strong></span> <span class='ocrx_word' id='word_1_326' title='bbox 1194 3625 1275 3688; x_wconf 89' lang='lat' dir='ltr'><strong>Gre-</strong></span> 
     </span>
     <span class='ocr_line' id='line_1_42' title="bbox 188 3700 1274 3794; baseline -0.002 -22"><span class='ocrx_word' id='word_1_327' title='bbox 188 3713 264 3792; x_wconf 78' lang='lat' dir='ltr'><strong>gorii</strong></span> <span class='ocrx_word' id='word_1_328' title='bbox 293 3713 470 3774; x_wconf 79' lang='lat' dir='ltr'><strong>Nazianzeni</strong></span> <span class='ocrx_word' id='word_1_329' title='bbox 497 3716 529 3771; x_wconf 87' lang='lat' dir='ltr'><strong>in</strong></span> <span class='ocrx_word' id='word_1_330' title='bbox 568 3711 722 3793; x_wconf 82' lang='lat' dir='ltr'><strong>epitaphio</strong></span> <span class='ocrx_word' id='word_1_331' title='bbox 749 3713 874 3773; x_wconf 73' lang='lat' dir='ltr'><strong>Basiliis</strong></span> <span class='ocrx_word' id='word_1_332' title='bbox 912 3710 1014 3772; x_wconf 73' lang='lat' dir='ltr'><strong>cairo</strong></span> <span class='ocrx_word' id='word_1_333' title='bbox 1045 3710 1105 3788; x_wconf 81' lang='grc' dir='ltr'><strong>μὲν</strong></span> <span class='ocrx_word' id='word_1_334' title='bbox 1133 3700 1191 3772; x_wconf 64' lang='grc' dir='ltr'><strong>οὖν</strong></span> <span class='ocrx_word' id='word_1_335' title='bbox 1214 3701 1274 3794; x_wconf 72' lang='grc' dir='ltr'><strong>ὅπῃ</strong></span> 
     </span>
     <span class='ocr_line' id='line_1_43' title="bbox 188 3792 1290 3880; baseline 0 -27"><span class='ocrx_word' id='word_1_336' title='bbox 188 3792 232 3876; x_wconf 74' lang='grc' dir='ltr'><strong>τῷ</strong></span> <span class='ocrx_word' id='word_1_337' title='bbox 253 3797 316 3880; x_wconf 69' lang='grc' dir='ltr'><strong>θεῷ</strong></span> <span class='ocrx_word' id='word_1_338' title='bbox 339 3794 432 3878; x_wconf 74' lang='grc' dir='ltr'><em>φίλον</em></span> <span class='ocrx_word' id='word_1_339' title='bbox 452 3792 599 3873; x_wconf 73' lang='grc' dir='ltr'><strong>εἰρέσθω,</strong></span> <span class='ocrx_word' id='word_1_340' title='bbox 624 3794 748 3855; x_wconf 77' lang='lat' dir='ltr'><strong>cuilibet</strong></span> <span class='ocrx_word' id='word_1_341' title='bbox 761 3796 843 3857; x_wconf 81' lang='lat' dir='ltr'><strong>bono</strong></span> <span class='ocrx_word' id='word_1_342' title='bbox 857 3794 1027 3855; x_wconf 72' lang='lat' dir='ltr'><strong>Christiano</strong></span> <span class='ocrx_word' id='word_1_343' title='bbox 1047 3794 1165 3876; x_wconf 86' lang='lat' dir='ltr'><strong>saepius</strong></span> <span class='ocrx_word' id='word_1_344' title='bbox 1185 3793 1290 3854; x_wconf 57' lang='lat' dir='ltr'><strong>usur*</strong></span> 
     </span>
     <span class='ocr_line' id='line_1_44' title="bbox 187 3870 1272 3962; baseline -0.003 -26"><span class='ocrx_word' id='word_1_345' title='bbox 187 3879 308 3957; x_wconf 86' lang='lat' dir='ltr'><strong>panda,</strong></span> <span class='ocrx_word' id='word_1_346' title='bbox 339 3891 375 3941; x_wconf 83' lang='lat' dir='ltr'><strong>ut</strong></span> <span class='ocrx_word' id='word_1_347' title='bbox 403 3889 433 3940; x_wconf 84' lang='lat' dir='ltr'><strong>at</strong></span> <span class='ocrx_word' id='word_1_348' title='bbox 453 3876 527 3940; x_wconf 77' lang='lat' dir='ltr'><strong>illa:</strong></span> <span class='ocrx_word' id='word_1_349' title='bbox 549 3870 607 3938; x_wconf 67' lang='lat' dir='ltr'><strong>tta</strong></span> <span class='ocrx_word' id='word_1_350' title='bbox 625 3873 702 3951; x_wconf 76' lang='grc' dir='ltr'><strong>θεὸς</strong></span> <span class='ocrx_word' id='word_1_351' title='bbox 723 3878 821 3962; x_wconf 73' lang='grc' dir='ltr'><strong><em>θέλῃ,</em></strong></span> <span class='ocrx_word' id='word_1_352' title='bbox 841 3878 921 3939; x_wconf 70' lang='grc' dir='ltr'><strong>θεοῦ</strong></span> <span class='ocrx_word' id='word_1_353' title='bbox 942 3877 1096 3957; x_wconf 72' lang='grc' dir='ltr'><em>θέλοντος,</em></span> <span class='ocrx_word' id='word_1_354' title='bbox 1117 3871 1179 3941; x_wconf 78' lang='grc' dir='ltr'><strong>οὑν</strong></span> <span class='ocrx_word' id='word_1_355' title='bbox 1196 3876 1272 3958; x_wconf 72' lang='grc' dir='ltr'><strong>θεῷ,</strong></span> 
     </span>
     <span class='ocr_line' id='line_1_45' title="bbox 189 3961 509 4027; baseline 0.016 -7"><span class='ocrx_word' id='word_1_356' title='bbox 189 3972 220 4020; x_wconf 83' lang='lat' dir='ltr'><strong>ct</strong></span> <span class='ocrx_word' id='word_1_357' title='bbox 240 3961 357 4026; x_wconf 81' lang='lat' dir='ltr'><strong>similia.</strong></span> <span class='ocrx_word' id='word_1_358' title='bbox 378 3982 509 4027; x_wconf 77' lang='lat' dir='ltr'><strong>eorrsu.</strong></span> 
     </span>
    </p>

    <p class='ocr_par' dir='ltr' id='par_1_16' title="bbox 192 4039 1274 4214">
     <span class='ocr_line' id='line_1_46' title="bbox 251 4039 1274 4130; baseline -0.004 -26"><span class='ocrx_word' id='word_1_359' title='bbox 251 4042 333 4125; x_wconf 68' lang='lat' dir='ltr'><strong>Pap.</strong></span> <span class='ocrx_word' id='word_1_360' title='bbox 351 4044 420 4123; x_wconf 64' lang='lat'><strong>114,</strong></span> <span class='ocrx_word' id='word_1_361' title='bbox 436 4067 488 4111; x_wconf 78' lang='lat' dir='ltr'><strong>aa.</strong></span> <span class='ocrx_word' id='word_1_362' title='bbox 508 4064 607 4124; x_wconf 84' lang='lat' dir='ltr'><strong>una,</strong></span> <span class='ocrx_word' id='word_1_363' title='bbox 628 4046 734 4130; x_wconf 77' lang='lat' dir='ltr'><strong>qrrod</strong></span> <span class='ocrx_word' id='word_1_364' title='bbox 755 4062 874 4108; x_wconf 85' lang='lat' dir='ltr'><strong>meam</strong></span> <span class='ocrx_word' id='word_1_365' title='bbox 892 4046 969 4106; x_wconf 78' lang='lat' dir='ltr'><strong>tibi</strong></span> <span class='ocrx_word' id='word_1_366' title='bbox 987 4039 1274 4127; x_wconf 77' lang='lat' dir='ltr'><strong>gratificandi</strong></span> 
     </span>
     <span class='ocr_line' id='line_1_47' title="bbox 192 4124 1274 4214; baseline -0.002 -28"><span class='ocrx_word' id='word_1_367' title='bbox 192 4148 239 4187; x_wconf 85' lang='lat' dir='ltr'><strong>vo</strong></span> <span class='ocrx_word' id='word_1_368' title='bbox 248 4127 342 4195; x_wconf 78' lang='lat' dir='ltr'><strong>lunt.</strong></span> <span class='ocrx_word' id='word_1_369' title='bbox 367 4128 430 4192; x_wconf 83' lang='lat' dir='ltr'><strong>Cur</strong></span> <span class='ocrx_word' id='word_1_370' title='bbox 442 4148 526 4193; x_wconf 77' lang='lat' dir='ltr'><strong>semu</strong></span> <span class='ocrx_word' id='word_1_371' title='bbox 537 4148 637 4213; x_wconf 71' lang='lat' dir='ltr'><strong>agero,</strong></span> <span class='ocrx_word' id='word_1_372' title='bbox 659 4150 751 4214; x_wconf 79' lang='lat' dir='ltr'><strong>quam</strong></span> <span class='ocrx_word' id='word_1_373' title='bbox 763 4129 908 4194; x_wconf 82' lang='lat' dir='ltr'><strong>decuisset</strong></span> <span class='ocrx_word' id='word_1_374' title='bbox 921 4142 951 4193; x_wconf 84' lang='lat' dir='ltr'><strong>ct</strong></span> <span class='ocrx_word' id='word_1_375' title='bbox 970 4129 1122 4208; x_wconf 79' lang='lat' dir='ltr'><strong>voluisset,</strong></span> <span class='ocrx_word' id='word_1_376' title='bbox 1134 4124 1274 4208; x_wconf 86' lang='lat' dir='ltr'><strong>compul-</strong></span> 
     </span>
    </p>
   </div>
   <div class='ocr_carea' id='block_1_8' title="bbox 0 0 1496 4678">
    <p class='ocr_par' dir='ltr' id='par_1_17' title="bbox 0 0 1496 4678">
     <span class='ocr_line' id='line_1_48' title="bbox 0 0 1496 4678; baseline 0 0"><span class='ocrx_word' id='word_1_377' title='bbox 0 0 1496 4678; x_wconf 95' lang='lat' dir='ltr'><strong> </strong></span> 
     </span>
    </p>
   </div>
  </div>
 </body>
</html>
