2900 4676
378 335 434 399 aa
469 332 850 405 melcumani.
881 334 923 394 a.
1098 305 1182 421 477

119 490 210 553 linem
226 490 355 557 nomina
379 508 434 551 saa
455 488 624 560 dederant,
654 488 828 570 praesertim
855 505 926 547 cum
958 485 984 546 si
1011 507 1071 546 non
1095 484 1194 550 Nino·.

97 512 201 646 laam,
233 592 330 634 unum
357 594 393 634 ex
429 584 543 654 septem
573 574 677 655 primis
707 571 863 647 diaconis,
885 579 966 630 certa
988 569 1187 651 Vigilantiam

98 669 253 719 auctorem
273 656 396 718 habeat.
441 656 590 739 laquem
611 666 732 717 mactus
754 654 977 736 Hieronymus:
1008 653 1187 736 Episcopus

96 742 147 802 sni
167 741 293 802 sceleris
320 739 438 801 dicitur
470 740 588 802 habere
621 748 802 810 consortes,
843 738 872 796 si
907 747 1014 796 tamen
1046 736 1187 820 episcopi

99 821 292 885 nominandi
317 834 414 901 sunt,
442 827 495 905 qui
516 839 581 884 non
604 820 762 884 ordinant
794 818 973 891 diaconos,
1006 819 1071 881 nisi
1095 821 1188 901 prius

96 925 218 967 uxores
237 904 414 978 duxerint,
436 904 518 966 nulii
537 905 655 967 caelibi
674 900 838 966 credentes
855 898 1069 986 pudicitiam,
1089 903 1195 989 immoj

98 986 307 1069 ostendentes,
321 1006 418 1070 quam
441 1000 551 1049 sonate
570 990 689 1048 uiuant
700 1029 711 1064 ‚
732 987 788 1061 qui
806 986 889 1046 male
912 982 953 1045 de
974 983 1116 1045 omnibus
1134 1005 1188 1045 su.

97 1071 289 1153 spicantur,
311 1083 342 1131 et
366 1072 432 1131 nisi
445 1083 661 1153 praegnantes
687 1088 807 1132 uxores
831 1065 972 1128 uiderint
1002 1066 1188 1127 clericorum
1251 1130 1255 1137 ,

97 1148 304 1236 infantesque
326 1150 367 1214 de
382 1152 469 1214 ulnis
482 1167 624 1217 matrum
639 1153 821 1234 capientes,
836 1149 958 1213 Christi
981 1162 1188 1212 sacramenta

98 1254 164 1298 non
179 1237 339 1298 tribuunt.

183 1319 326 1398 Quarto,
353 1317 463 1379 Graeci
488 1317 565 1380 ualli
597 1318 719 1404 bigamo
743 1318 860 1381 aditam
881 1316 921 1380 ael
943 1336 1046 1380 sacros
1065 1315 1194 1385 ordines
1233 1371 1238 1379 .

100 1400 296 1484 patefaciunt.
344 1401 438 1486 Quod
452 1422 525 1482 eos,
545 1404 602 1485 qui
620 1405 762 1467 alteram
783 1401 945 1465 duxerunt
966 1419 1117 1475 uxorem,
1137 1403 1188 1461 in·

99 1485 166 1564 quit
187 1483 369 1545 lastinianus
392 1483 702 1565 novell.123.,sacri
725 1506 863 1550 conones
883 1486 1016 1546 clericos
1034 1503 1100 1543 csse
1108 1502 1188 1565 pro-

97 1568 238 1644 hibeant,
254 1580 382 1628 sanctus
393 1567 537 1630 Basilius
555 1568 606 1631 liis
628 1571 734 1633 uerbis
749 1569 865 1631 docet:
882 1568 950 1630 Eos
968 1567 1036 1648 qui,
1057 1567 1188 1648 nuptiae

96 1651 277 1726 iterarunt,
297 1671 401 1712 eonon
416 1651 563 1714 excludit
583 1653 770 1715 ministerio.
792 1652 942 1712 Haeretici
960 1672 978 1710 a
993 1668 1195 1719 suessorum,
1283 1680 1285 1684 Α

98 1733 320 1796 ministrorum
337 1731 508 1796 chirotonia
539 1737 592 1798 vis
630 1735 793 1797 excludunt
822 1734 1031 1817 polygamum,
1074 1731 1188 1792 nedum

37 1852 44 1859 -
99 1814 268 1898 bigamum.
309 1816 444 1897 Quinto,
475 1819 584 1880 Graeci
616 1816 691 1880 olim
717 1829 748 1879 et
767 1839 850 1879 nuuc
878 1835 999 1900 quoque
1022 1814 1193 1897 adegerunt
1285 1872 1289 1883 ,

99 1899 140 1959 ad
162 1898 379 1980 professionem
405 1913 569 1984 perpetuae
598 1904 742 1964 eastitatis
761 1920 854 1979 eam,
884 1901 936 1982 qui
965 1897 1082 1960 caelebs
1104 1899 1189 1959 ordi·

96 2000 153 2041 nes
172 1983 323 2062 suscipere
340 1980 467 2043 vellet.¹
491 1982 531 2044 Si
549 1986 596 2059 is,
628 1986 684 2067 qui
713 1980 916 2046 ordinandus
938 1994 991 2057 est,
1011 1979 1188 2059 diaconus,

97 2065 199 2145 inquit
219 2063 404 2126 lastinianus
423 2064 491 2128 loco
512 2068 606 2129 citato
616 2113 627 2146 ,
648 2088 781 2131 uxorem
799 2067 862 2129 sibi
882 2068 1027 2129 iunctam,
1043 2084 1107 2123 non
1127 2064 1188 2124 ha·

99 2146 192 2221 beat,
213 2166 277 2207 non
307 2147 407 2208 aliter
430 2147 616 2226 ordinetur,
640 2151 706 2211 nisi
732 2151 823 2232 prim
851 2147 894 2209 ab
925 2166 987 2217 eo,
1014 2145 1070 2226 qui
1085 2149 1189 2228 ipsum
1282 2221 1288 2225 ἠ

98 2227 252 2306 ordinat,
270 2229 487 2313 interrogatnq
513 2231 722 2315 profiteatur,
740 2251 833 2312 posse
859 2249 891 2289 se
911 2239 984 2311 post
1008 2225 1197 2295 ordinatio-⁴

96 2331 171 2374 nem
201 2311 256 2371 uel
275 2315 342 2372 sine
361 2313 502 2394 legitima
532 2334 633 2376 uxore
661 2326 749 2376 caste
773 2314 908 2388 uiuere,
938 2323 1110 2390 nequeunte
1136 2330 1198 2385 eo„

30 2406 34 2411 ’
96 2394 154 2478 qui
172 2391 324 2472 ordinat,
352 2396 570 2459 ordinationis
589 2410 729 2478 tempore
756 2395 895 2458 diacono
918 2393 1123 2475 permittere,
1154 2402 1197 2463 ut,
1269 2418 1275 2430 ·

95 2487 172 2559 post
195 2475 431 2538 ordinationem
448 2500 582 2541 uxorem
605 2480 716 2545 ducat.
759 2478 816 2539 Sin
836 2498 915 2539 vero
937 2474 1093 2560 locfiat,
1122 2477 1190 2560 epi-

99 2578 232 2642 scopus,
252 2560 307 2643 qui
325 2557 364 2619 id
380 2563 545 2643 permisit,
560 2563 746 2646 episcopatu
762 2560 941 2623 deiiciatur.

183 2642 293 2717 Sexto,
317 2643 400 2724 apud
415 2643 564 2720 Graecos,
594 2646 619 2706 si
642 2666 720 2709 uxor
750 2655 821 2705 aute
851 2643 972 2704 ordines
999 2639 1090 2703 ducta
1122 2653 1191 2724 post

98 2725 201 2787 mariti
223 2724 344 2786 ordines
364 2725 437 2787 hiae
462 2727 606 2799 excedat,
637 2729 767 2790 alterum
788 2728 1015 2788 matrimonium
1035 2727 1114 2785 inire
1135 2747 1190 2787 ne-

57 2874 62 2887 ,
100 2828 256 2890 quaquam
277 2806 359 2870 licet.
381 2808 502 2892 laquo
525 2810 631 2871 itidem
648 2832 671 2872 a
697 2811 820 2872 Graecis
840 2808 1000 2871 discedunt
1021 2807 1189 2870 Lutherani

99 2892 306 2971 nuptiator-es:
339 2908 471 2973 quoram
500 2892 699 2977 praeconibus
736 2903 818 2958 meta
852 2891 937 2954 nulla
975 2901 1127 2952 consortes
1156 2894 1190 2954 iu

97 2973 269 3034 thalamum
280 2973 478 3038 adsciscendi.
892 3044 894 3047 .
1194 2974 1199 2985 ⁸

182 3056 284 3119 Porro
306 3078 391 3131 mos,
415 3080 507 3142 quem
523 3061 631 3122 Graan
652 3059 692 3123 ab
712 3059 829 3144 aliquot
849 3046 958 3122 seculis
982 3073 1121 3139 servant,
1140 3084 1198 3124 se-.

98 3139 179 3201 niori
202 3151 233 3201 et
253 3143 395 3203 annonari
417 3144 561 3205 Graeciae
579 3147 739 3206 inusitatus
772 3144 848 3205 fuit:
877 3144 978 3205 statim
1007 3145 1088 3203 euim
1118 3142 1213 3207 cnm*

96 3223 211 3284 tradita
233 3235 264 3284 et
291 3222 344 3284 val
365 3235 414 3285 eta
433 3226 546 3288 Christi
573 3227 712 3289 doctrina
745 3225 915 3291 caelibatus
937 3228 1018 3286 inter
1049 3226 1190 3291 ecclesiae

98 3309 253 3368 ministros
271 3245 413 3368 invaluit.
454 3309 535 3371 Nolo
555 3331 589 3370 re
611 3321 710 3384 etere,
726 3331 804 3392 qaae
824 3309 882 3371 hac
900 3308 938 3369 de
959 3330 993 3369 re
1016 3307 1189 3373 doctissime

99 3388 254 3471 disputant
267 3388 437 3452 Turrianus
461 3390 514 3455 lib.
532 3414 563 3453 a.
585 3332 624 3454 le
643 3393 822 3476 dogmaticis
843 3392 1069 3455 characteribus
1102 3397 1189 3457 verbi

99 3471 179 3548 Dei,
201 3484 231 3534 ct
256 3471 309 3537 lib.
325 3493 351 3538 ι.
370 3475 516 3537 edversas
541 3475 814 3559 Magdehurgenses
833 3496 890 3558 pro
917 3474 1086 3537 canonibus
1115 3500 1188 3561 apo·

101 3553 247 3617 stolorum
269 3576 337 3638 cap.
361 3578 388 3617 r.
416 3569 446 3619 et
466 3579 497 3618 2.
519 3571 550 3620 et
570 3557 626 3620 lib.
645 3560 673 3622 5.
696 3560 831 3621 eiusdem
861 3563 961 3641 operis
988 3579 1056 3639 cap.
1086 3581 1133 3621 ra.
1158 3573 1190 3623 et

101 3636 216 3719 aliquot
236 3659 322 3721 seqq.
339 3650 370 3700 ct
389 3642 422 3700 in
442 3640 563 3703 scholiis
582 3664 672 3724 saper
691 3653 785 3724 caput
817 3640 864 3703 15.
891 3641 947 3702 lib.
975 3639 1006 3700 6.
1034 3645 1188 3707 constitut.

102 3720 335 3803 apostolicarum
357 3719 520 3785 Clementis
540 3727 691 3787 Romani:
714 3723 883 3786 Cardinalis
899 3724 1048 3783 Baroulas
1071 3736 1143 3789 tom.
1162 3750 1189 3790 t.

101 3801 205 3865 annal.
231 3825 310 3866 anno
332 3804 550 3870 ottrannus
569 3818 642 3872 torn.
660 3810 782 3870 annno
803 3806 916 3888 liquet
937 3794 1188 3872 Cardinallsssel-
1276 3873 1283 3890 ,
1328 3782 1331 3789 .

99 3886 251 3949 larminus
270 3885 324 3948 lib.
351 3908 376 3948 t.
398 3887 436 3949 de
456 3887 571 3951 clericis
592 3912 656 3970 cap.
674 3911 719 3970 ¹9·
738 3901 769 3951 et
789 3909 851 3970 seq.
894 3890 957 3950 Nos
973 3896 1106 3954 contenti
1127 3895 1200 3954 ert·

101 3991 171 4032 raas
200 3990 263 4029 tuno
276 3970 323 4031 rel
346 3970 442 4033 altero
462 3975 653 4043 testimonio,
676 3992 738 4055 qun
761 3972 885 4056 planum
906 3972 980 4049 fiat,
1002 3975 1077 4056 qnid
1096 3979 1126 4037 in
1139 3997 1189 4037 ec·

101 4054 192 4115 alesia
214 4051 280 4133 lege
300 4062 330 4116 et
353 4056 571 4116 consuetudine
601 4067 755 4137 receptam
786 4056 885 4118 suerit.
927 4056 1097 4121 Audiamus
1119 4079 1198 4139 ergo.

100 4146 240 4198 sunctum
259 4135 488 4219 llieronymutn,
506 4139 571 4220 qui,
589 4151 748 4220 postquam
769 4139 984 4219 recensuisset,
1005 4163 1066 4225 qua
1089 4151 1191 4202 mente

100 4230 200 4283 assent
223 4219 354 4302 φίωορὶ
383 4220 539 4303 vigilantii
561 4221 711 4298 iumento
726 4222 849 4298 iniecti,
880 4220 958 4295 nulli
977 4235 1200 4307 praeterquam,
