2978 4678
221 218 321 333 '410
558 298 566 313 ι
634 258 948 326 assonationes

317 411 395 495 Peg.
422 411 490 491 rai,
520 414 568 474 13.
588 408 830 488 ἀμυνουμένους
852 414 895 474 Μ.
917 434 980 495 mg.

316 494 394 577 Peg.
420 497 488 573 πολ,
512 515 563 563 aa.
584 490 664 577 ὑπὲρ
689 496 745 575 τῆς
766 490 846 574 πρὸς
864 487 1049 578 ὁμοφύλους
1068 492 1203 578 εἰρήνης.
1251 497 1321 561 Vox

233 570 394 661 ὁμόφυλοι
416 580 448 639 iu
469 576 526 639 bac
544 579 670 639 historia
691 580 823 640 occurrit
847 581 1041 660 saepissime,
1073 585 1122 641 cui
1144 580 1220 641 baec
1250 584 1325 649 sub-

230 663 310 723 iecta
325 663 383 741 vis,
403 652 657 738 eimdem'tribusJ
707 663 798 735 neris,
821 663 927 743 genus.
972 662 1110 726 indicare
1125 674 1229 726 autem
1241 665 1323 741 vult,

231 745 387 823 Thracas,
418 746 542 826 quicum
570 745 631 805 sint
680 739 843 828 μόφυλοι,
877 765 940 806 nou
961 744 1073 808 debere
1100 759 1225 829 propter
1247 748 1327 810 duos

231 829 439 910 imperatores,
462 848 595 909 quorum
614 848 683 909 pars
704 830 771 905 uui,
792 848 862 910 pars
883 827 970 890 alteri
992 833 1103 908 servit,
1136 833 1253 892 mutuis
1273 854 1325 892 ar-

229 913 289 973 mis
326 931 515 974 concurrere.
565 911 683 973 Verum
706 914 777 994 quia
805 914 864 973 ista
893 914 1070 974 circuitione
1097 934 1163 975 oon
1192 914 1325 976 eiusdem

227 995 324 1077 gentis
345 994 514 1056 hominibus
532 1014 649 1077 semper
671 994 737 1075 uti,
768 995 1014 1072 incommodam,
1035 996 1176 1079 putidum
1209 1017 1245 1058 ae
1277 998 1322 1060 is-

230 1078 389 1139 stidiosurn
410 1076 497 1154 foret,
525 1099 595 1140 eum
616 1076 829 1160 aliquomodo
853 1080 933 1140 cives
954 1083 1034 1141 iuter
1056 1102 1089 1141 se
1114 1082 1185 1154 slat,
1214 1081 1267 1163 qui
1290 1084 1323 1142 iu

231 1163 335 1222 eadem
357 1171 445 1243 gente
463 1162 613 1244 procreati
634 1171 731 1242 sunt,
759 1161 933 1244 frequemer
954 1158 1136 1247 ὁμοφύλους
1165 1164 1323 1225 transferi·

228 1265 299 1306 mus
318 1246 423 1306 cives.-
448 1256 479 1307 et
498 1265 717 1327 nonnunquam
745 1264 851 1308 vocam
874 1246 1020 1307 Graecum
1040 1249 1214 1309 retinemus.
1255 1248 1325 1307 Au·

229 1339 295 1389 otor
318 1326 475 1410 aliquoties
495 1331 586 1390 etiam
604 1327 719 1390 bellum
735 1328 794 1390 boc
815 1324 982 1412 ἐμφύλιον,
1002 1330 1105 1405 civile,
1129 1340 1159 1392 et
1178 1346 1322 1409 conssr-

229 1408 300 1488 κὸν,
320 1424 475 1492 cognatiori
497 1433 550 1474 seu
569 1426 772 1493 eogrmromm
795 1423 894 1475 vocat.
936 1413 1018 1490 Quis
1034 1415 1128 1493 igitur
1137 1413 1226 1475 civile
1243 1433 1325 1495 quo·

228 1493 401 1570 dammodo,
411 1515 474 1557 nou
486 1495 691 1558 dubitavimus
704 1496 797 1558 etiam
814 1494 968 1557 interdum
988 1499 1159 1558 intestinam
1181 1496 1322 1564 reddere.

232 1576 351 1638 Gemrie
372 1578 482 1640 bellum
501 1581 691 1662 interpretari
710 1598 773 1640 non
795 1578 981 1654 conceditur,
1001 1581 1072 1661 quia
1091 1582 1124 1640 ln
1145 1589 1233 1662 geute
1247 1600 1320 1656 una,

231 1661 316 1722 ouius
334 1658 438 1740 plures
458 1661 599 1734 familiae,
621 1660 737 1723 bellum
758 1673 875 1744 gestum
896 1662 1124 1744 significaretur.
1148 1682 1281 1726 roursu.

310 1742 532 1825 Pag.ra5.15.
553 1744 848 1824 Didymoticbo.
887 1746 1004 1806 Mentio
1023 1745 1114 1806 buius
1174 1745 1247 1826 pidi,
1270 1748 1320 1806 ia·

228 1837 277 1887 ter
295 1826 408 1909 oppida
429 1827 579 1891 Thraciae
598 1848 652 1910 per
672 1827 704 1889 id
725 1839 845 1911 tempus
865 1827 1065 1910 celeberrimi,
1088 1767 1241 1890 bisolibris
1260 1827 1321 1888 fre-

253 1912 436 1972 uentissims.
477 1911 507 1973 A
530 1914 656 1993 geminis
677 1913 774 1973 muris
807 1932 861 1973 sen
888 1911 1046 1975 moenibus
1077 1932 1187 1972 nomeu
1216 1911 1320 1978 babet.

261 1993 281 2053 d
304 1994 442 2055 Hebrum
463 1992 577 2056 flumen
600 1997 693 2056 situm
714 2005 771 2060 est.
813 1995 923 2057 ‘iureis
944 1994 1036 2056 bodie
1057 1993 1168 2056 dicitm
1180 1993 1320 2056 mutilate

227 2075 389 2138 Dimotuea
418 2096 475 2139 nec
502 2077 585 2141 bisce
617 2078 808 2160 temporibus
838 2081 903 2139 aius
934 2096 1046 2141 nomeu
1077 2078 1238 2140 obscurum
1258 2088 1319 2156 est,

252 2162 407 2223 raesertim
428 2172 557 2243 propter
578 2157 817 2244 elegantissimos
837 2159 988 2240 urceolos,
1006 2162 1059 2244 qui
1078 2162 1120 2222 ab
1138 2160 1243 2224 incolis
1263 2159 1321 2222 ela

227 2180 341 2324 bereti,
362 2264 437 2307 cum
461 2242 520 2307 alia
545 2247 578 2306 in
598 2242 675 2323 loca,
700 2257 768 2307 tum
786 2245 877 2307 etiam
892 2243 1185 2327 Constantinopolim
1210 2242 1321 2327 depor-

228 2336 342 2393 tantur.
395 2324 503 2389 Solent
531 2330 612 2391 euim
642 2351 678 2391 ex
708 2330 751 2390 eis
777 2339 842 2389 tam
872 2330 937 2411 ipse
960 2329 1133 2389 Turearum
1163 2327 1321 2403 Sultanus,

227 2431 323 2553 putem
358 2407 412 2471 alii
443 2423 597 2492 magnates
631 2433 742 2496 aquam
772 2410 908 2474 baumes.
952 2409 1155 2474 Lemclavius
1184 2410 1321 2495 infan-

250 2503 317 2554 ecte
337 2491 484 2555 historiae
503 2494 662 2557 Turcicaa.
702 2514 831 2558 roursn.

310 2575 470 2658 Pugnat,
487 2575 532 2642 16.
554 2599 624 2639 aaa
643 2578 798 2664 quidem
819 2592 998 2661 cognata.
1025 2575 1130 2639 Etiam
1141 2575 1322 2637 banciola»

227 2659 358 2719 iunioris
378 2680 417 2741 ap
437 2658 521 2743 ellat,
542 2682 620 2744 quae
641 2682 676 2722 ex
697 2660 759 2723 lilia
783 2665 895 2723 sororis
915 2658 1073 2723 Michaelis
1096 2660 1184 2742 primi
1200 2658 1320 2719 Palaeo

225 2738 288 2823 logi
312 2753 386 2805 nata
411 2680 478 2810 lbit.
519 2745 581 2806 Dat
602 2754 703 2806 autem
719 2743 815 2806 nihilo
838 2750 940 2806 minus
968 2745 1086 2805 feminis
1106 2741 1321 2823 Palaeologum

226 2845 339 2922 nomen
360 2825 485 2889 honoris
502 2847 616 2909 eausa,
637 2830 756 2891 tametsi
778 2842 880 2911 patres
899 2826 1098 2910 Palaeologos
1119 2846 1182 2887 nou
1203 2826 1321 2886 babere-

230 2921 306 2972 rrnt.
347 2929 485 2974 sorren.

310 2992 392 3076 Pap.
419 2995 487 3069 125,
514 3010 562 3077 ¹7·
581 2989 707 3075 ἁπάσης
728 2988 785 3054 sai
801 2992 979 3076 οἲοφολοίος
1000 2994 1108 3054 sarci
1132 2993 1179 3054 M.
1208 3028 1213 3035 ·

312 3074 393 3157 Peg.
420 3095 488 3160 127,
512 3075 543 3138 6.
563 3074 641 3156 sirete
661 3080 708 3140 M.
728 3098 859 3179 pasqua.

198 3168 202 3173 '
310 3160 388 3241 Peg.
413 3178 485 3243 127,
510 3158 559 3237 ri.
578 3155 709 3222 reieci
728 3161 878 3235 οντοςΜ.
1010 3202 1015 3211 .

308 3241 387 3324 Pap.
415 3262 485 3325 129,
511 3241 559 3323 ri.
579 3245 883 3330 imperatricem.
926 3242 1016 3303 Xena
1037 3239 1224 3314 amabatur,
1249 3258 1322 3322 rege

227 3324 441 3389 Armeniorum
459 3336 616 3408 prognata,
638 3328 688 3408 pia
700 3326 819 3405 mulier,
841 3325 894 3388 serl
914 3324 1103 3386 ambitiosior
1122 3334 1249 3406 atquae
1269 3342 1320 3383 rc-

269 3428 321 3469 are
341 3417 475 3489 cuperet,
490 3418 525 3468 ut
547 3407 714 3470 audiemus.
756 3408 804 3470 De
823 3409 880 3471 bac
903 3419 1007 3469 autem
1027 3428 1061 3468 re
1080 3408 1233 3489 Gregoras
1255 3407 1320 3467 sicr

227 3430 336 3553 {beten
351 3490 473 3572 despota
499 3491 707 3553 Commmime
729 3493 829 3554 mrim
848 3492 930 3552 orari
956 3490 1198 3553 Ttessmomcam
1223 3490 1318 3549 οιίιοί-

226 3587 285 3649 tur,
309 3587 342 3635 ut
361 3573 576 3636 Macedoniam
596 3576 774 3657 greberrearet
795 3589 827 3636 et
849 3574 981 3652 Xersem,
999 3575 1126 3635 iunioris
1153 3575 1197 3632 im
1236 3586 1320 3632 rato-

228 3658 273 3718 ris
290 3670 429 3735 matrem,
449 3658 632 3738 Byzantium
650 3661 786 3721 mitetur.
830 3657 870 3720 Et
888 3658 988 3719 infra:
1016 3654 1152 3721 aarum
1197 3654 1322 3716 hassale·

226 3740 328 3802 meam
343 3742 514 3827 proficius,
540 3743 661 3805 Xersem
688 3764 755 3805 eum
785 3742 918 3804 omnibns
947 3742 1094 3803 ministris
1129 3741 1320 3822 comprehen-

226 3846 308 3901 sam,
342 3826 426 3887 nulia
459 3826 604 3888 modestia
640 3827 759 3887 triremi
787 3828 982 3908 impositam,
1008 3825 1192 3904 Byzantium
1226 3822 1318 3885 misit.

136 3930 140 3953 ¹
228 3908 295 3991 Quo
319 3931 385 3970 curri
407 3909 463 3968 illo
484 3911 583 3971 invita
599 3911 802 3995 peruenisset,
827 3913 860 3973 in
879 3908 1023 3972 orientali
1040 3905 1156 3993 palatii
1170 3918 1259 3989 parte
1274 3926 1323 3967 crs-

226 3991 416 4055 sedabatur.
440 4013 573 4055 roarsu.

309 4075 386 4151 Pap.
414 4096 482 4158 129,
506 4097 556 4141 21.
579 4070 615 4137 τὸ
638 4079 682 4137 Μ.
708 4097 764 4159 pro
786 4068 850 4137 ris.

309 4157 437 4227 lbt‘derm
479 4160 684 4242 προσφῦσα,
726 4159 934 4221 adhaerescere
967 4160 1021 4237 ei,
1062 4155 1219 4241 complexa
1258 4164 1320 4215 sta·
