2926 4684
485 276 769 343 rrrsrourrusns
799 284 852 346 ιτ.
883 289 933 357 ια,
1206 266 1264 376 93

178 429 286 509 σθείς,
309 432 397 513 (suot
417 428 476 515 χόρ
495 430 645 518 ἠγνόησεν
668 427 728 501 ὅσα
749 436 874 503 ἀντεῖπε
892 442 959 516 τοίς
974 444 1128 519 Λατίνοις
1140 444 1195 511 tut
1212 443 1421 531 rijetcnttt

179 529 345 595 κοινωνίαν
370 534 650 617 προκαλουμένοις,
679 536 750 600 odd'
763 535 808 613 ὥς
825 541 948 620 μᾶλλον
967 544 1065 606 εἵλετο
1086 545 1308 630 duodenem
1326 556 1381 611 605

179 625 275 715 ἢτῆς
294 635 431 711 πατρίου
452 627 545 715 δόξης
565 632 761 718 ἀποστῆναι)
784 634 945 723 προσιόντι
964 664 999 706 τε
1020 641 1193 730 ὑπανέστη,
1213 647 1271 713 καί

178 729 437 816 προσαγορεύσας
456 731 581 818 ἡμέρως
602 731 659 798 καί
676 736 858 822 προσηνῶς,
879 736 1077 825 παρεκόθισέ
1102 767 1137 808 τε
1159 743 1215 810 καί
1232 741 1268 810 ό·

152 835 290 912 ὁμιλίας
313 829 429 917 η’ξίωσε
449 831 630 917 πρεπούσης
658 832 759 924 φίλην,
792 834 986 923 όμολοχητην
1013 842 1046 904 έν
1066 848 1138 921 ταλς
1159 845 1267 911 όιαλέ-

180 940 265 1012 ξεσιν
280 926 457 998 ἆπσκαλιόν.
497 929 606 998 ἔπειτα
619 933 801 1017 ἀπέπεμπεν
818 939 865 1012 είς
878 936 936 1023 την
949 939 1061 1023 οἰκίαν,
1080 944 1157 1007 nott
1178 941 1266 1026 ἴχνος

179 1032 428 1116 ἐπιδεδειγμένος
451 1034 657 1114 δυσμενείας,
689 1036 838 1121 προνοίας
872 1038 908 1101 di
941 1032 1073 1122 ἠξίωσεν
1103 1043 1266 1125 ον’όεμιός.

178 1131 230 1195 did
262 1133 318 1196 καί
335 1129 417 1215 μετὰ
439 1129 565 1216 μικρὸν,
588 1134 659 1198 dues*
677 1133 733 1198 ὑπ’
760 1134 883 1213 ἐνδείας
904 1139 945 1200 usi
960 1144 1097 1224 μετρίως
1116 1144 1264 1225 έιιιέζετο,

179 1223 278 1322 ᾤχετο
298 1229 445 1315 α’ποόρόις
471 1228 550 1312 πρὸς
571 1234 722 1316 βασιλέα,
743 1234 799 1299 καί
817 1232 873 1300 τόν
891 1258 927 1300 τε
947 1235 1109 1305 έπίλοιπον
1131 1242 1189 1305 τοῦ
1207 1264 1264 1306 πο·

133 1338 276 1416 πολέμου
295 1330 412 1418 χρόνον
433 1333 534 1413 συνῆν
558 1332 723 1418 φροντίδας
742 1331 933 1418 ἀξιούμενος,
956 1339 1013 1402 καί
1028 1337 1111 1420 μετὰ
1132 1339 1168 1406 τό
1187 1340 1297 1407 nde-D

176 1458 239 1499 των
259 1428 370 1515 κόριον
383 1431 571 1513 καταστῆναι
591 1433 638 1507 είς
658 1431 840 1512 Βυζάντιον
859 1435 1052 1519 εἰιανελθιόν,
1073 1441 1190 1525 πολλῆς
1203 1466 1265 1506 πα-

177 1532 221 1620 ρό
253 1533 410 1614 βασιλέως
427 1525 574 1612 ἀπήλασε
595 1535 752 1616 προνοίας.
794 1536 904 1599 τοῦτον
923 1533 963 1619 δη
986 1533 1041 1601 τόν
1063 1538 1266 1626 πατριάρχην

176 1631 260 1716 μετὰ
281 1625 497 1716 Σερχοποόλοο
517 1624 652 1716 ὕστερον
670 1629 751 1713 πρός
770 1630 825 1697 τόν
843 1633 984 1700 Σοολτιὶν
995 1634 1164 1721 Αἰγύπτου
1183 1639 1265 1721 πέμ·

177 1749 248 1816 ψας
265 1725 474 1817 πρεσβευτὴν,
500 1720 582 1793 itta
603 1753 638 1795 τε
658 1732 746 1816 ,erto
766 1724 822 1798 τόν
842 1731 983 1800 Σοολτόν
1001 1746 1119 1818 ποιεῖν,
1142 1733 1176 1804 ui·
1192 1743 1264 1806 έλυ-

128 1834 297 1898 τόσιτέλει
326 1839 392 1905 τοῖς
422 1832 492 1895 ἐκεῖ
504 1833 734 1913 Χριστιανοῖς,
762 1831 820 1898 καί
842 1832 900 1900 τόν
926 1833 1125 1924 πατριάρχην
1143 1842 1190 1916 είς
1210 1839 1265 1907 τόν

175 1930 296 2014 θρόνον
316 1930 583 2015 ἀποκαταστῆσαι,
606 1927 662 1996 τόν
680 1928 874 2019 παρανόμως
894 1935 1124 2002 έπισκοποόντα
1145 1935 1266 2005 durid-

175 2054 277 2095 σαντα
309 2031 341 2093 Γ
338 2026 503 2115 ερόσιμον.
554 2029 695 2095 Σονλτόν
717 2032 753 2097 δέ
773 2031 812 2097 τό
831 2057 864 2099 τε
884 2026 966 2099 ἄλλα
990 2038 1165 2121 φιλοτίμως
1184 2041 1264 2126 πρός

175 2129 235 2214 τὴν
249 2131 405 2213 βασιλέως
421 2132 590 2214 πρεσβείαν
609 2132 749 2217 διετέθη,
768 2132 826 2197 καί
836 2132 940 2198 πάντα
959 2133 1143 2221 ἐξεπλήρου,
1161 2130 1207 2203 ὥν
1230 2139 1265 2204 έ-

177 2233 285 2296 teano
314 2225 344 2292 ot
372 2230 579 2312 πρεσβευταί,
609 2227 726 2315 πολλὴν
752 2231 850 2318 χάριν
870 2230 1031 2316 ὁμολογῶν
1050 2234 1127 2320 περὶ
1143 2237 1201 2320 τῆς
1220 2239 1266 2313 είς

128 2328 276 2401 σοαότόν
295 2325 475 2414 πρεσβείας.
517 2322 558 2414 ἧν
578 2326 639 2412 γὰρ
660 2326 829 2410 θαυμάσιοί
851 2355 921 2395 τινα
941 2330 1017 2416 περί
1033 2336 1189 2415 βασιλέως
1209 2357 1260 2399 πε·
1272 2349 1365 2423 λληεσ

175 2432 346 2513 πνσμένας,
377 2428 434 2492 καί
457 2430 516 2493 rosi
542 2425 664 2504 παντός
691 2430 820 2511 έπιμιῖτο
839 2428 898 2516 την
918 2427 999 2519 πρός
1022 2426 1122 2498 αότόν
1141 2435 1265 2521 φιλίαν,

178 2528 234 2594 καί
258 2526 313 2595 τόν
339 2524 541 2613 πατριόρχην
561 2525 640 2614 πρός
658 2524 715 2614 την
734 2527 829 2612 ἁγίαν
844 2529 939 2595 ’πόλιν
960 2530 1110 2617 πέμψας,
1140 2535 1264 2599 έαέλεοι

177 2639 245 2705 τοῖς
265 2632 367 2695 ἐκεῖσε
386 2623 643 2711 τῶνβαρβάρων
663 2620 803 2711 ἄρχουσι
825 2629 881 2695 τόν
900 2631 960 2710 μὲν
985 2633 1016 2695 Γ
1013 2631 1164 2714 ερόσιμον
1184 2632 1263 2698 εἶπε-

179 2726 323 2811 λαόνειν,
354 2713 509 2812 Λάζαρον
529 2726 565 2790 δέ
589 2725 645 2791 τόν
668 2716 867 2812 πατριάρχην
891 2721 979 2811 ἄγειν
1002 2729 1058 2793 diui
1076 2734 1189 2818 τιμῆς,
1211 2731 1267 2799 καί

128 2840 171 2905 25
178 2832 278 2917 μηδὲν
296 2828 387 2919 αὐτῷ
407 2832 612 2916 παρενοχλεῖν
631 2833 699 2920 τοῖς
725 2828 761 2895 έν
782 2829 984 2915 Παλαιστινη
1006 2831 1210 2916 Χριστιανοῖς
1231 2834 1265 2900 t·

249 2954 274 3007 3.
292 2950 401 3017 όιιίστη
418 2951 448 3005 Ρ.
898 2948 903 2957 “

178 3054 269 3112 aquo
294 3039 443 3092 erudeiiter
466 3036 641 3110 recipiendus
657 3035 824 3108 putubatur,
842 3034 1026 3091 deduxerunt·
1061 3036 1099 3091 et
1119 3039 1148 3093 ui
1166 3039 1189 3092 is
1208 3040 1265 3096 rir-

178 3117 267 3164 tutem
292 3112 345 3164 riri
371 3109 512 3171 reveritus,
532 3110 635 3180 (neque
656 3110 730 3162 ern'ru
747 3109 903 3171 nesciebat,
921 3114 1091 3178 quantopere
1131 3111 1213 3164 atinio
1229 3112 1264 3167 ad

177 3183 399 3234 communionem
420 3179 560 3249 religionis
580 3196 642 3232 euna
663 3179 852 3233 allicientibus
868 3187 1061 3249 repugnasset,
1087 3197 1177 3253 neque
1194 3200 1266 3255 quo·

178 3252 262 3307 modo
279 3254 350 3303 mort
367 3252 504 3313 mainerii,
523 3267 605 3321 quam
623 3268 638 3300 n
656 3257 761 3319 patrum
780 3267 889 3303 suorum
909 3259 983 3302 recto
1001 3266 1083 3302 sensu
1103 3251 1265 3321 discedere.)

178 3325 322 3377 secedenti
335 3323 499 3385 assurrexit,
516 3321 727 3392 humaniterque
741 3338 772 3373 ae
786 3322 887 3373 leniter
898 3321 1057 3383 salutatum,
1076 3323 1197 3376 assistere
1209 3323 1263 3376 sibi

178 3396 270 3457 iussit,
291 3403 320 3447 et
340 3399 462 3447 amanter
480 3406 541 3443 enm
554 3408 588 3446 eo
602 3406 754 3445 sermonem
769 3391 893 3453 miscens,
913 3390 1095 3445 consessorem
1107 3395 1263 3461 appellarit

177 3467 245 3521 Post
262 3468 292 3518 in
309 3463 420 3517 domum
439 3463 605 3534 designatam
624 3462 747 3524 dimisit,
767 3478 818 3515 nee
834 3462 948 3514 minimo
967 3463 1156 3517 malevolentis
1174 3464 1263 3517 animi

178 3537 246 3589 dato
269 3533 392 3588 indiciue
417 3534 494 3587 nulia
517 3541 608 3586 autem
633 3549 698 3589 cura
725 3533 849 3603 dignatus
876 3540 924 3584 est
967 3531 1155 3601 Quamobrem
1180 3537 1265 3602 pauiu

180 3614 256 3679 port,
273 3623 334 3658 curn
356 3612 475 3675 egestate
488 3603 634 3658 admodum
647 3612 826 3674 premeretur,
843 3601 877 3654 ad
891 3603 1082 3672 imperatorem
1096 3604 1267 3675 confugiens,

180 3696 234 3749 per
252 3678 389 3747 reliquum
406 3674 474 3728 belii
493 3683 601 3745 temper
619 3675 691 3744 apud
707 3691 768 3727 eum
781 3674 941 3735 diversatus,
964 3673 1088 3726 eiusdem
1099 3674 1267 3729 liberalitate

180 3751 433 3821 procurationeque
459 3746 541 3798 etism
562 3745 701 3814 Byzantii,
728 3753 873 3816 postquam
898 3744 947 3797 iiie
971 3746 1115 3812 imperium
1134 3747 1269 3811 obtinuit,

182 3837 250 3872 usus
269 3826 318 3873 est.
355 3818 435 3870 Hune
453 3816 710 3887 ergopatriareham
727 3833 788 3869 cum
807 3814 957 3884 Sergopuio
968 3814 1141 3883 postmodum
1156 3817 1191 3869 ad
1203 3818 1269 3869 Sui·

181 3897 280 3943 tanum
297 3878 413 3959 Aegipti
431 3888 535 3957 legans,
551 3886 633 3939 simul
651 3888 706 3938 aiia
725 3886 760 3939 ab
779 3900 812 3936 eo
830 3884 944 3954 petebat
961 3902 1010 3953 pro
1029 3884 1191 3939 Christianis
1209 3888 1269 3942 iilic

182 3959 362 4033 degentibusr
379 3960 469 4021 simul,
486 3966 518 4011 ut
528 3957 718 4027 patriarcham,
730 3957 837 4009 deiecto
849 3956 1002 4021 Gerasimo,
1016 3963 1109 4008 contra
1127 3959 1171 4009 ius
1184 3966 1212 4009 rt
1225 3958 1268 4010 iar

182 4036 371 4103 epiaoopatum
391 4037 510 4100 gerente,
527 4032 555 4080 iu
576 4030 668 4081 sedem
687 4044 763 4079 suern
783 4033 937 4097 reponeret
973 4027 1104 4080 Suitanus
1122 4036 1151 4081 et
1169 4028 1203 4078 ad
1222 4045 1268 4081 ee·

182 4107 241 4155 tere
258 4100 333 4175 quod
356 4104 464 4164 attinet,
482 4100 633 4153 honorifice
647 4100 749 4168 legatos
768 4099 902 4168 suscepit,
924 4105 953 4150 et
974 4098 1079 4161 omnia,
1098 4112 1170 4167 quae
1187 4105 1266 4166 pete·

185 4181 255 4239 rent,
276 4173 424 4246 prueatitit,
444 4172 600 4244 multasque
618 4171 654 4227 ob
677 4171 840 4240 legationem
858 4167 893 4223 ad
914 4186 945 4223 εει
962 4168 1071 4222 mirram
1089 4169 1187 4239 gratier
1202 4170 1265 4240 egit
