2900 4676
269 287 358 374 500
533 357 546 373 .
650 308 962 378 amorsnoun

268 469 387 547 visum3
419 477 449 528 ct
469 464 528 527 boc
547 461 670 547 quidem
690 466 816 540 merito,
839 467 904 526 sire
925 462 955 524 in
976 458 1043 523 sliis
1062 461 1304 539 consationibus
1317 484 1346 527 a

268 574 340 612 vero
365 551 481 625 abierit,
504 551 568 610 sive
585 568 667 608 nont
689 551 753 609 sive
774 551 863 609 etiam
883 549 914 607 in
932 545 1179 627 reprehendendo
1198 556 1260 606 tam
1279 546 1346 608 lin·

267 658 334 716 gua,
353 655 443 716 quam
465 631 543 713 stylo
563 630 687 690 modum
710 633 851 705 tenuerit,
874 633 937 691 sive
955 646 1028 693 non.
1070 627 1159 688 Certe
1177 629 1345 689 monacho-

265 739 330 778 rum
355 737 459 795 agmen
482 717 511 773 in
532 734 564 773 se
584 712 842 773 vehementissime
862 713 1040 787 concitavit,
1067 713 1119 792 qui
1140 710 1250 772 ducem
1270 711 1343 774 belli

265 800 401 879 legerunt
421 799 600 878 Gregorium
625 795 780 855 Palamam
811 807 884 856 tunc
909 795 1043 855 ciusdem
1072 794 1263 874 professionis
1284 794 1343 856 lin

265 886 389 957 mincm‚
413 892 515 963 postea
538 899 611 939 vcro
635 879 890 960 archiepiscopum
909 874 1218 949 Thessalonicensem
1248 896 1341 958 qun

264 969 288 1023 si
317 985 412 1046 aeque
440 965 575 1024 verisne
608 962 721 1043 magnis
749 960 888 1021 laudibus
916 960 1140 1020 Canncusenus
1168 973 1338 1035 exornaret,

264 1070 334 1108 vere
359 1068 483 1127 magnus
504 1047 554 1104 vir
573 1044 716 1103 dicendus
735 1054 829 1104 esset:
858 1043 911 1104 scd
931 1063 1001 1103 cuns
1029 1044 1122 1103 veteri
1142 1042 1236 1103 verbo
1272 1065 1341 1105 mn·

263 1126 316 1189 nui
336 1149 458 1189 manum
469 1130 568 1207 fricet
593 1141 622 1186 et
638 1127 727 1203 lavet,
749 1126 843 1187 facilis
866 1128 1039 1186 coniectura
1057 1135 1113 1199 est,
1134 1126 1208 1206 quid
1229 1126 1269 1187 de
1292 1126 1340 1189 bis

219 1244 223 1253 ·
263 1213 403 1272 laudibus
423 1210 613 1271 statuendum
634 1210 683 1269 sit.
725 1208 803 1270 Sunt
822 1209 964 1269 nimirum
984 1228 1034 1269 ass
1066 1226 1176 1268 sonsns
1200 1219 1231 1268 et
1252 1230 1338 1290 rym-

262 1296 366 1355 balusn
386 1296 535 1368 tinniens,
556 1296 626 1374 quia
649 1290 688 1351 de
708 1311 779 1351 aere
797 1303 922 1352 sonante
956 1302 986 1351 et
1017 1289 1156 1372 cymbalo
1176 1291 1336 1366 tinniente,

262 1400 297 1438 cx
318 1376 442 1458 apostoli
457 1376 610 1435 doctrina:
645 1378 672 1434 si
689 1375 798 1453 linguis
817 1377 970 1435 bominum
988 1375 1096 1456 loquar
1114 1375 1335 1456 &angelos-nn,

261 1462 415 1523 caritatem
443 1472 541 1519 autem
568 1478 628 1517 non
654 1456 803 1535 trabeam,
823 1460 931 1536 sactus
950 1478 1014 1516 snm
1042 1457 1121 1516 sciret
1154 1478 1206 1516 ner
1229 1479 1338 1519 sonans

260 1556 314 1602 aut
329 1542 498 1620 cymbalum
516 1544 651 1604 tinniem.
692 1539 734 1599 Et
758 1541 840 1621 quod
868 1541 992 1621 propius
1014 1538 1054 1599 ad
1088 1536 1247 1600 Palamam
1267 1560 1337 1622 spe·

260 1635 340 1684 ctatr
369 1627 397 1683 si
414 1624 588 1683 distribuero
609 1624 642 1681 in
661 1623 740 1683 cibos
757 1644 924 1706 pauperum
951 1622 1224 1699 omnersansltates
1241 1643 1336 1701 mens,

259 1718 331 1777 etc„
350 1707 503 1765 casitatem
523 1720 621 1766 aretem
639 1726 700 1764 non
718 1706 859 1778 habuero,
881 1707 961 1766 nihil
978 1706 1055 1765 miti
1065 1706 1200 1787 prodest.
1242 1706 1337 1788 Quis·

147 1854 151 1862 ,
258 1790 324 1874 quis
343 1790 395 1848 ille
413 1801 475 1866 est,
496 1789 594 1869 inquit
613 1797 731 1848 sarnus
759 1788 947 1870 Augustinus
966 1785 1150 1849 semum.
1169 1788 1208 1851 de
1226 1799 1337 1871 temp„

258 1885 287 1931 ct
305 1873 520 1955 qualiscumque
536 1871 589 1929 itte
607 1883 658 1942 est,
681 1870 864 1932 &undamn
882 1892 942 1932 non
957 1883 1020 1949 ests
1031 1872 1085 1957 qui
1103 1872 1136 1932 in
1156 1870 1271 1932 chabri
1285 1894 1334 1933 cr·

202 1965 207 1973 ’
258 1955 348 2013 clesia
367 1975 426 2014 non
444 1966 495 2018 est.
535 1953 607 2013 Sola
628 1955 738 2035 qrsippe
750 1965 807 2025 est,
821 1976 881 2037 per
889 1974 982 2036 quom
1003 1953 1180 2038 sacnfis's'um
1195 1956 1335 2019 domim

259 2037 382 2095 libenter
405 2037 549 2119 accipiat.-
573 2036 637 2095 sola
651 2057 726 2119 quae
744 2057 803 2120 pso
826 2038 989 2097 esrwstibus
1003 2036 1190 2117 fiducialiter
1207 2039 1333 2099 interne-

258 2121 325 2178 das:
355 2120 420 2178 sola
442 2131 499 2193 est,
522 2118 555 2177 in
576 2137 638 2201 qua
663 2139 735 2201 opus
758 2119 864 2179 bonum
876 2121 1032 2198 fnsrnsose
1043 2123 1202 2203 peragitur
1209 2163 1222 2193 ,
1252 2120 1331 2182 inde

229 2224 238 2233 ·
259 2203 424 2261 mercedem
443 2201 584 2273 denarii,
612 2221 671 2261 non
693 2203 824 2284 nisifqui
848 2204 927 2262 inim
954 2204 1081 2263 vincam
1103 2204 1332 2282 hbomvems,

258 2298 444 2365 aeceperunt.
476 2284 531 2344 Est
551 2295 651 2345 autern
672 2286 833 2365 Gregorius
852 2284 991 2346 Palamcs
1010 2283 1061 2346 illc
1080 2287 1156 2367 ipse,
1175 2289 1264 2348 cuius
1282 2308 1336 2347 cx-

259 2377 340 2425 stnut
363 2370 476 2426 Graece
506 2379 536 2426 et
569 2369 674 2426 Latine
709 2368 787 2429 duae
816 2370 981 2443 orationes3
1014 2367 1128 2443 altera,
1158 2390 1217 2451 qua
1244 2390 1335 2430 meus

257 2470 364 2528 corpus
386 2458 517 2526 accusat,
540 2447 717 2530 altera,qua
738 2470 847 2531 corpus
867 2462 1009 2527 mentem,
1030 2472 1100 2513 curn
1121 2454 1270 2513 sentesstia
1285 2454 1335 2512 iu·

257 2531 388 2593 dicias-ia.
414 2533 520 2591 Latina
541 2533 632 2592 editio
653 2530 747 2593 relata
767 2545 812 2592 cst
830 2535 860 2593 in
880 2544 954 2600 tom.
972 2554 1004 2617 9.
1032 2534 1239 2597 Bibliothecae
1260 2555 1335 2596 san-

256 2624 373 2672 ctorum
397 2614 545 2691 Panum,
573 2615 626 2674 ubi
645 2636 698 2696 per
718 2613 884 2676 collectoris
904 2628 934 2677 et
954 2617 1077 2678 editoris
1097 2613 1334 2697 ἅπεριβλεψίαυ

255 2698 430 2756 sanctissimi
450 2696 538 2756 titulo
558 2698 694 2759 Palamas
714 2697 907 2775 honestatur,
926 2699 1016 2782 plaoe
1036 2710 1154 2779 praeter
1173 2701 1331 2760 meriton.

255 2779 417 2855 Quomodo
438 2781 651 2859 sanctissimus,
672 2781 696 2841 si
716 2780 944 2843 schismaticus?
986 2783 1122 2866 (lursqsr's
1138 2781 1180 2842 ad
1199 2784 1257 2842 hac
1275 2804 1335 2843 cu·

254 2863 365 2923 tlsolica
385 2863 507 2922 ecclesia
519 2866 622 2943 fierit
642 2876 811 3006 scrotum,
837 2865 1051 2951 quantumlibet
1076 2864 1277 2926 laudabiliter
1299 2886 1334 2925 ss
1415 2904 1416 2917 κ

254 2946 358 3005 vivere
372 2947 530 3021 existimet,
553 2949 607 3008 lior
628 2968 691 3007 roo
711 2946 841 3019 scelere,
861 2948 945 3031 qnod
966 2969 988 3007 a
1007 2946 1118 3008 Christi
1134 2949 1246 3008 writots
1264 2948 1334 3009 dir·
1414 2986 1415 3015 i

253 3027 364 3088 iunctus
377 3042 430 3100 ess,
452 3050 511 3089 non
530 3030 650 3091 babebit
667 3032 781 3090 vitam:
809 3031 863 3090 sed
874 3031 928 3092 ἱνα
940 3029 1003 3090 Det'
1018 3044 1122 3092 manet
1137 3050 1233 3113 svper
1245 3052 1331 3107 eun,

252 3108 352 3190 inquit
375 3112 406 3175 S.
428 3111 477 3171 Au
534 3116 613 3173 tinus
633 3115 721 3195 epist.
748 3112 814 3175 152.

334 3193 417 3275 Ergo
440 3132 580 3257 Pallidus
602 3195 820 3257 monachorum
838 3195 1000 3256 aduncabis
1022 3197 1220 3273 constitutus,
1250 3196 1332 3257 Bar·

251 3270 351 3333 laamn
387 3274 512 3336 adversa
547 3279 645 3339 fronte
671 3280 809 3340 resistere
837 3277 998 3360 lumenque
1028 3277 1103 3338 illud
1130 3270 1333 3357 ἧσυχασταῖς

253 3354 343 3415 obiici
375 3356 496 3416 solitum
524 3360 684 3422 defendere
712 3362 841 3438 institit,
872 3363 962 3421 etiam
989 3359 1122 3441 exemplo
1150 3360 1275 3421 luminis
1296 3364 1332 3422 in

252 3448 354 3497 monte
374 3438 499 3499 Thabor
518 3441 671 3521 discipulis
692 3446 821 3503 ostensi:
851 3442 909 3504 boc
929 3444 1010 3504 enim
1033 3446 1198 3504 increatum
1220 3442 1331 3521 luisse,

250 3531 281 3578 et
310 3532 410 3580 tamen
431 3526 582 3604 corporcis
602 3524 817 3606 discipulorum
845 3524 942 3587 oculis
967 3526 1110 3608 patuisse.
1150 3524 1333 3587 Barium

250 3601 329 3661 hauc
357 3625 426 3663 vere
447 3626 554 3668 novam
583 3606 764 3690 theologiam
796 3608 920 3671 audiens
939 3612 1033 3691 magis
1060 3612 1092 3669 in
1112 3606 1269 3668 Palamnm
1293 3619 1330 3669 ct

248 3688 345 3745 socios
365 3691 535 3750 excanduit.
578 3689 682 3773 ltaque
706 3693 813 3751 itinere
839 3694 904 3751 sine
931 3713 1015 3753 mora
1035 3690 1331 3773 Counondnopoliu

248 3768 396 3839 instituto,
419 3792 483 3832 rem
506 3773 543 3832 ad
586 3774 765 3835 atriarcham
785 3773 903 3853 detulit,
919 3776 1050 3835 citantur
1070 3772 1228 3850 monachi,
1250 3795 1332 3855 syn·

249 3850 325 3910 odus
344 3854 495 3918 indicitur.
559 3796 714 3918 lraesidet
738 3860 897 3938 imperator
918 3857 1109 3919 Andronicus
1130 3858 1232 3917 iunior
1252 3877 1331 3917 cnm

249 3934 361 3994 loannc
384 3937 564 4014 patriarcha,
587 3942 743 4000 victoriam
763 3941 877 4000 obtinet
897 3938 1047 4002 Palamas.
1089 3940 1227 4001 Barlaam
1247 3960 1332 4000 con-

247 4016 416 4095 demnatur,
437 4020 624 4081 Thaborium
645 4022 746 4083 lumen
767 4026 934 4083 increatum
946 4035 1160 4105 aeternumque
1179 4021 1274 4082 finisse
1297 4032 1333 4083 ct

247 4119 323 4177 csse,
344 4101 450 4183 synodi
472 4102 591 4164 decreto
613 4104 793 4167 decernitur.
822 4104 997 4168 Barlaamus
1016 4106 1107 4190 paolo
1129 4113 1195 4186 post
1216 4105 1332 4165 inltn-

246 4178 320 4245 liam
341 4187 512 4253 revertitur.
546 4186 691 4250 Eiusdem
711 4187 819 4273 synodi
837 4200 903 4252 ncta
921 4189 1012 4253 ictus
1033 4188 1221 4273 nicephorus
1241 4187 1330 4248 Gre-
