2900 4676
160 335 162 339 ’
250 347 336 451 452
395 366 398 371 ’
633 318 945 443 amosauoum

333 528 560 612 Paetum.
581 551 624 591 ue
660 528 761 593 lites
783 543 821 592 et
846 530 1155 592 coutroversiae
1185 548 1338 591 nasce·

250 626 398 678 rentur.
438 612 540 674 'Aliter
570 624 601 674 et
624 612 748 695 quidem
775 616 886 695 iustius
912 613 983 674 iecit
1010 611 1124 674 Aratus
1144 612 1337 695 Sicyonium

250 716 307 757 nec
327 696 465 771 mirum,
487 698 559 779 quia
580 695 700 779 longius
718 695 912 758 intervallum
927 696 990 772 50,
1011 716 1104 778 quam
1123 694 1155 757 6.
1167 716 1333 769 annorum,

249 781 378 840 maiores
398 783 579 840 mutationes
599 780 747 842 effecerat.
771 781 853 863 Ergo
872 782 916 856 is,
938 800 1008 840 cum
1032 780 1096 841 eius
1115 780 1221 840 civitas
1242 782 1335 861 quin-

251 864 394 945 quaginta
414 883 509 924 annos
535 884 554 924 a
580 865 717 945 tyrannis
737 874 911 940 teneretur,
941 862 1093 944 profectus
1113 860 1205 945 Argis
1224 860 1333 945 Sicyo·

249 966 343 1022 nem,
364 944 549 1007 clandestino
567 948 692 1008 introitu
705 947 781 1008 urbe
801 958 846 1008 est
865 946 986 1030 potitus.
1004 945 1085 1007 Cum
1128 965 1146 1005 e
1165 956 1342 1028 tyrannum·

248 1026 401 1089 Nicoclem
427 1030 593 1112 improviso
622 1052 662 1112 op
683 1033 833 1105 cessisset,
869 1039 1022 1091 sexcentos
1039 1050 1095 1089 exu
1108 1048 1158 1108 es,
1187 1030 1241 1110 qui
1263 1028 1332 1091 sue-

247 1122 318 1172 rant
338 1113 402 1174 eius
421 1113 550 1175 civitatis
572 1052 819 1195 locupietissimi,
840 1114 990 1191 restituit,
1021 1130 1146 1194 remque
1174 1110 1331 1192 publicam

248 1194 382 1255 adventu
408 1214 464 1256 suo
495 1195 643 1257 liberavit.
682 1197 742 1257 Sed
772 1217 842 1256 cum
861 1212 1001 1279 magnam
1022 1194 1277 1256 animadverteret
1296 1196 1331 1258 in

247 1278 335 1340 bonis
355 1288 386 1339 et
405 1279 641 1360 possessionibus
662 1277 894 1357 difficultatem,
926 1277 1010 1361 quod
1028 1289 1059 1339 et
1078 1299 1147 1356 eos,
1168 1299 1244 1360 quos
1265 1281 1331 1360 ipse

232 1365 440 1439 ¹restituerat,
453 1384 583 1445 quorum
606 1362 684 1423 bona
706 1362 759 1424 alii
778 1360 972 1445 possederant
981 1407 992 1440 ,
1007 1382 1094 1445 egere
1107 1362 1331 1443 iniquissimum

247 1445 472 1519 arbitrabatur,
497 1456 528 1506 et
555 1447 775 1528 quinquaginta
801 1466 952 1506 annorum
979 1445 1179 1526 possessiones
1205 1464 1330 1507 movere

247 1548 309 1587 non
331 1529 420 1588 nimis
440 1549 572 1611 aequum
596 1530 741 1611 putabat,
774 1539 934 1611 propterea
954 1526 1037 1610 quod
1057 1538 1121 1589 tam
1142 1523 1234 1610 longo
1314 1563 1330 1576 ·

245 1612 290 1671 tio
311 1611 407 1671 multa
426 1610 661 1693 hereditatibus,
698 1614 795 1674 multa
826 1611 1046 1695 emptionibus,
1080 1609 1178 1673 multa
1206 1547 1331 1673 dotibib

244 1693 426 1756 tenebantur
445 1697 510 1755 sine
534 1696 670 1757 iniurias
698 1696 843 1758 iudicavit
872 1715 971 1777 neque
989 1692 1049 1755 illis
1080 1693 1198 1767 adimi,
1229 1714 1331 1777 neque

245 1775 376 1837 bisunu
400 1777 555 1855 satisfieri,
577 1800 709 1861 quorum
732 1778 785 1841 illa
814 1779 954 1853 fuerant,
982 1787 1130 1860 oportere.
1172 1775 1251 1838 Cum
1269 1779 1330 1875 ipi-

244 1869 297 1920 tus·
315 1861 487 1935 statuisset,
509 1882 585 1944 opus
605 1884 668 1925 esse
686 1862 725 1923 ad
745 1884 813 1924 eam
837 1884 903 1924 rem
924 1861 1165 1924 constituendam
1179 1881 1326 1943 pecnnia,

244 1941 461 2004 Alexandriam
481 1964 514 2005 se
533 1945 681 2027 proficisci
702 1943 780 2007 velle
800 1945 875 2007 dixit
888 1988 899 2025 ,
911 1967 974 2007 rem
1018 1967 1036 2006 e
1054 1946 1200 2027 integram
1220 1943 1260 2006 ad
1278 1966 1328 2006 re-

158 2074 163 2083 .
243 2024 344 2099 ditum
364 2048 453 2093 suum
472 2029 558 2089 iussit
578 2050 666 2091 essee
689 2031 778 2112 isque
796 2029 972 2090 celeritera
1014 2026 1223 2090 Ptolemaeum
1237 2048 1327 2091 snum

243 2107 393 2191 hospitem
418 2112 524 2187 venit,
555 2114 608 2195 qui
642 2124 709 2174 tum
732 2113 878 2195 regnabat
906 2111 983 2173 alter
1014 2120 1084 2194 post
1112 2108 1329 2173 Alexandnnn

243 2193 417 2254 conditam:
450 2195 500 2255 eui
529 2215 600 2256 cum
630 2200 833 2279 exposuisset,
864 2196 993 2279 patriam
1023 2214 1056 2256 se
1077 2191 1207 2254 liberare
1225 2191 1326 2274 velle,

243 2296 425 2360 causamque
438 2275 610 2358 docuisset,
645 2299 664 2339 a
688 2300 759 2363 rege
777 2277 921 2362 opulento
939 2278 989 2341 vir
1003 2298 1139 2340 summus
1158 2273 1245 2337 facile
1265 2279 1327 2338 im·
1435 2322 1436 2335 ἢ

243 2364 390 2441 patravit,
422 2371 458 2419 ut
478 2361 585 2442 grandi
606 2365 734 2444 pecunia
762 2363 967 2427 adiuvaretur.
1008 2362 1108 2439 Quam
1129 2380 1200 2420 cum
1220 2359 1328 2459 Sicyo·
1434 2422 1435 2441 ἢ

242 2462 315 2503 nem
335 2441 500 2521 attulisset,
522 2444 661 2506 adhibuit
679 2447 737 2508 sibi
753 2448 784 2507 in
799 2445 959 2507 consilium
974 2443 1149 2527 quindecim
1161 2443 1325 2526 principes,

242 2546 314 2585 eum
335 2526 445 2607 quibus
466 2546 571 2589 causas
591 2532 732 2610 cognovit
752 2541 930 2603 eteorum,
951 2530 1005 2611 qui
1023 2527 1123 2588 aliena
1140 2526 1328 2606 detinebant,

242 2617 274 2668 et
294 2629 411 2685 eorum,
433 2612 485 2691 qni
506 2630 560 2672 sua
579 2614 762 2675 amiserants
783 2612 970 2695 perfecitque
996 2609 1187 2672 aestimandis
1207 2629 1327 2691 posses·

243 2691 397 2769 sionibus,
421 2703 457 2753 ut
476 2696 669 2775 pensuaderet
688 2695 772 2776 aliis,
794 2708 831 2758 ut
849 2697 1010 2779 pecuniam
1033 2695 1168 2775 accipere
1201 2691 1328 2756 mallent
1431 2700 1432 2717 ¹

242 2785 274 2837 et
303 2776 536 2858 possessionibus
570 2780 733 2855 cederent,
769 2778 855 2859 aliis,
884 2789 919 2839 ut
947 2775 1135 2839 commodius
1163 2785 1326 2859 putarent,

241 2860 395 2920 numerari
416 2860 496 2939 sibi,
520 2864 601 2945 qnod
621 2864 697 2926 tanti
718 2875 795 2925 esset
811 2910 821 2942 ,
840 2883 931 2947 mam
951 2880 1041 2924 suum
1066 2879 1255 2942 recuperate.
1278 2859 1327 2921 lta
1429 2912 1430 2923 2

240 2943 409 3025 perfectum
428 2955 491 3021 est,
520 2957 557 3007 ut
584 2969 705 3021 omnes,
727 2950 888 3009 constituta
917 2943 1099 3021 concordia,
1123 2943 1188 3005 sine
1204 2940 1327 3026 quesela

243 3026 438 3094 discederent.
462 3028 545 3089 Haec
565 3030 626 3092 Cic.
640 3054 669 3093 2.
684 3030 746 3098 Offi
767 3051 901 3093 aenean.

327 3109 555 3192 Peg-3¹2‚2a.
579 3118 734 3179 veniam
765 3115 964 3200 episeopis.
999 3111 1169 3194 Gregorii:
1191 3108 1325 3171 Pmsiede

241 3214 302 3264 nou
321 3195 422 3260 medus
438 3193 540 3260 diebus
555 3217 646 3286 post,
668 3201 784 3263 [satem
798 3198 1004 3285 parantum
1023 3195 1180 3271 convenit,
1200 3212 1240 3254 ae
1255 3193 1327 3276 pri·

243 3302 325 3346 uuam
345 3287 376 3346 ei
394 3287 515 3363 madet,
532 3302 564 3346 ut
579 3288 657 3346 ι’νωη
670 3286 810 3346 advenas
835 3284 986 3368 episcopos
1006 3278 1137 3362 dapem
1169 3288 1201 3336 et
1223 3297 1326 3359 popae·

240 3370 307 3430 bem
324 3369 480 3430 interdicto
499 3369 608 3434 solvat.
650 3368 753 3452 Neque
771 3369 852 3427 etaim
863 3387 929 3451 par
949 3383 1026 3437 esse,
1052 3381 1120 3421 eum
1140 3360 1204 3442 ipse
1223 3361 1326 3420 omni-

240 3453 292 3512 bue
318 3454 421 3513 omnia
441 3451 640 3531 condonaret,
670 3452 718 3512 ad
799 3470 828 3509 m
850 3448 973 3533 publiea
998 3445 1109 3505 delicus
1134 3453 1323 3527 spectarent,

239 3537 327 3596 ιἸἰιιηι
348 3535 557 3618 patriarcham
578 3548 607 3594 et
627 3537 713 3614 pacis
751 3546 879 3593 actorem
893 3532 975 3591 alere
988 3528 1167 3604 sisennas,
1190 3546 1245 3586 nee
1262 3525 1325 3585 eim

238 3618 323 3679 iram
342 3619 473 3679 occidere
495 3629 538 3679 tot
564 3617 671 3679 salibus
691 3615 902 3691 occidentibus,
934 3633 1002 3675 eum
1022 3632 1060 3673 ue
1083 3631 1157 3671 smus
1180 3607 1324 3693 φαἉιω,

239 3702 369 3763 ἄνακτα
389 3703 470 3763 illias
481 3701 540 3775 itu,
558 3701 690 3762 occidere
702 3700 828 3761 deberet.
850 3716 984 3761 annuas.

324 3784 523 3868 Pag.313‚3.
539 3784 816 3868 proditoribus
831 3777 1046 3867 supplicia.
1067 3777 1236 3858 Gregorass
1257 3769 1324 3833 De·

236 3868 308 3931 iude
324 3870 368 3929 ad
379 3870 520 3931 aldonem
532 3883 562 3930 ee
573 3869 806 3952 pemenstianem
822 3867 1024 3950 episcoporum
1034 3873 1063 3923 et
1081 3860 1325 3955 presbyterum

237 3976 269 4014 se
288 3956 447 4028 convertit,
478 3972 579 4013 eorum
600 3973 635 4011 ue
664 3952 736 4011 aliis
754 3950 921 4012 sacerdotio
941 3946 990 4009 ad
1005 3958 1097 4007 cenas
1116 3963 1211 4004 mutus
1229 3952 1324 4000 mter·

236 4037 337 4108 discit,
352 4036 424 4096 alisi
443 4057 531 4120 usque
609 4034 727 4096 obituum
745 4033 824 4094 Sum
839 4034 951 4109 etiam,
971 4049 1044 4115 qums
1066 4026 1161 4088 levius
1176 4024 1323 4087 malm

237 4119 302 4179 Sed
316 4120 465 4201 aspasius
488 4119 661 4195 ubsolam,
687 4114 802 4179 nemini
813 4116 922 4179 ueteris
939 4110 1130 4198 imperatoris
1147 4107 1246 4173 susdsb
1262 4125 1323 4191 po-

274 4204 340 4263 reu.
362 4220 494 4267 aenean.

232 4223 275 4284 pe
320 4280 482 4365 Paphi,
492 4283 524 4345 6.
549 4282 677 4363 lirano
689 4281 735 4347 u.
758 4293 789 4345 et
810 4280 866 4344 lin.
880 4279 910 4345 5.
925 4277 1051 4343 isaim
1069 4296 1126 4361 pro
1146 4270 1264 4340 aaran
1311 4360 1315 4369 1
