2900 4676
403 336 460 403 ΑΙ)
488 334 767 412 muricum
795 337 873 405 ult.
891 341 919 404 1.
1123 318 1213 434 449

211 490 290 578 Pug.
302 513 374 580 299,
387 495 418 562 8.
437 491 585 577 lyro'lnro
606 503 720 576 vorat,
741 517 820 579 quae
841 504 962 582 practer
984 495 1069 563 illam
1089 522 1217 586 parvam

128 594 252 640 uocem
272 580 346 642 foris
366 580 492 642 fortasse
515 601 535 641 a
555 577 633 641 collo
652 579 839 662 pendentia,
867 602 965 663 eaque
984 603 1060 645 auro
1081 595 1114 646 et
1132 609 1217 669 gem-

128 661 188 723 mis
206 663 355 746 insignia,
381 661 505 724 inclusis
526 673 700 724 sanctorum
720 661 869 745 reliquiis,
890 664 1037 748 gestabat.
1058 686 1194 733 morsu.

212 744 290 827 Pug.
303 766 433 830 appas,
453 737 625 825 γράμματά
646 763 680 805 rs
699 739 810 824 ἔχοντα
834 748 878 810 Μ.

213 827 438 913 Pog.299,23.
460 827 867 910 ulomflammuntem.
908 828 1040 893 Videtur
1068 830 1117 895 ala
1142 854 1218 918 pro·

129 911 342 1057 ΜΨ
361 910 661 1057 usurus
677 914 976 1056 sessurum
994 908 1218 1061 Ψ

129 1016 523 1160 nubantroliliylpno'oporigl,1
547 1078 589 1139 ob
610 1018 793 1138 celdritatem
817 1017 1010 1139 scribendi.uo
1021 1080 1102 1143 Hinc
1117 1020 1219 1148 ¹illisum

130 1171 249 1222 statuae
268 1162 331 1222 τῶν
350 1154 562 1242 ταχυδρόμων
575 1170 663 1221 eraut
682 1160 856 1239 πτερωταὶ,
890 1182 944 1222 seu
964 1161 1082 1243 alatae,
1114 1168 1219 1248 quolm

130 1241 405 1314 visebanturolirn
425 1243 705 1326 Constantinopoli,
723 1253 800 1304 teste
814 1244 932 1307 Codiuo
947 1245 978 1305 in
998 1267 1052 1307 sua
1068 1248 1220 1313 Constan-

129 1326 259 1408 tioopoli
281 1323 335 1387 lol.
357 1329 431 1403 55„
451 1327 506 1387 obi
526 1338 627 1389 tamen
649 1328 754 1386 Dousa
767 1327 869 1407 inepte
890 1330 983 1389 vertit
1015 1327 1129 1411 στήλας
1167 1356 1220 1395 co·

131 1411 262 1488 hmnos,
283 1429 355 1470 cum
377 1410 557 1471 vertendum
579 1412 617 1470 sit
639 1422 758 1472 stouras.
799 1410 936 1472 Manavit
951 1422 1052 1477 sutem
1073 1434 1143 1477 mos
1161 1411 1239 1477 ror.¹

131 1485 318 1571 χυδρόμους
337 1490 392 1554 olis
411 1492 581 1554 instruendi
601 1492 641 1553 ab
664 1491 786 1553 ethnico
805 1493 977 1569 Mercurio,
1009 1496 1062 1578 qui
1094 1508 1125 1558 et
1156 1499 1221 1580 ipso
1296 1544 1299 1547 -

130 1573 254 1655 alatus,
275 1586 420 1659 tanquam
442 1575 521 1637 celer
541 1576 676 1637 nuntius.
719 1576 761 1636 Et
780 1572 918 1637 flammae
941 1576 1012 1639 illae
1033 1581 1133 1660 pictae
1152 1580 1221 1642 fue·

131 1669 227 1739 runt3
257 1679 330 1719 uam
348 1666 379 1721 et
399 1660 476 1743 ignis
504 1657 665 1720 celeritatis
687 1656 948 1741 hieroglyphioum
968 1670 1025 1722 est.
1065 1662 1111 1722 lta
1134 1665 1222 1725 leuo-

129 1738 191 1803 bus
209 1743 385 1811 ,Gretserus
434 1741 496 1802 Per
523 1739 698 1839 huiusmodi
731 1740 810 1801 alam
837 1742 994 1803 ardentem
1023 1753 1056 1805 et
1083 1748 1219 1826 pictam,
1304 1780 1306 1789 v

128 1825 758 1989 titiis‘tltt‘stttlisdtss
776 1822 934 1968 iiiiii
952 1828 1223 1975 diidffliff
1280 1854 1283 1869 '

128 2001 216 2068 turn,
240 1988 330 2050 simul
352 1990 391 2050 ad
411 1987 499 2050 ludos
519 1987 676 2071 allusisse,
698 1989 751 2071 qui
772 1989 901 2052 Athenis
934 1991 1047 2053 fiebant
1082 2005 1113 2055 et
1136 1994 1225 2073 dyo·

127 2090 182 2144 rac
204 2070 428 2151 λαμπαδοῦχοι
448 2071 638 2137 dicebantur.
680 2073 717 2133 ln
740 2073 777 2133 iis
803 2075 857 2156 qui
878 2075 1039 2152 currebat,
1053 2073 1224 2159 lampadem

70 2180 73 2185 ’
124 2155 287 2216 ardentem
313 2156 470 2232 tenebat„
491 2176 618 2238 eamque
647 2154 788 2237 deinceps
816 2177 943 2217 cursuro
973 2157 1123 2221 tradebat.
1172 2161 1222 2223 Eo

124 2259 223 2299 cursu
242 2249 273 2301 et
289 2238 430 2323 lampade
450 2237 603 2300 humanae
624 2240 705 2300 vitae
724 2237 905 2299 brevitatem
929 2238 1112 2307 indicabant.
1141 2242 1222 2303 Pro-

126 2323 199 2405 pius
230 2320 269 2381 ad
297 2320 378 2384 alam
411 2331 547 2383 nostram
580 2320 784 2383 flammantem
805 2321 921 2382 accedit
941 2323 1120 2385 Cornificius
1140 2324 1222 2389 libro

125 2413 242 2467 octavo
260 2404 302 2466 ad
322 2405 520 2474 Herennium.
562 2405 633 2468 Non
652 2404 733 2464 enin
746 2448 756 2483 ‚
771 2405 897 2485 iuquit,
938 2407 1166 2471 uemudorodnm
1185 2412 1221 2473 in

123 2488 314 2573 palaestro,
342 2491 396 2573 qui
420 2489 527 2551 taedas
559 2488 696 2549 ordeum
726 2489 850 2571 accipit,
879 2428 1005 2550 oeeror
1022 2503 1065 2550 ert
1082 2493 1116 2551 iu
1134 2513 1221 2555 cursu

126 2573 289 2650 corniano,
310 2592 401 2657 quam
421 2572 494 2652 ille,
510 2574 563 2659 qni
579 2571 691 2632 tradit:
705 2572 766 2629 ⁴ita
787 2572 895 2632 melior
908 2575 1075 2654 imperator
1099 2595 1219 2650 novio,

126 2657 184 2741 qni
196 2657 305 2739 accipit
321 2654 501 2733 coercitum,
525 2675 618 2741 qrsom
638 2653 711 2727 ille,
731 2655 786 2737 qzii
801 2653 937 2731 decedit,
959 2668 1122 2738 propterea
1141 2656 1224 2741 qrcod

127 2739 310 2819 defatr'gatm
328 2758 431 2799 cursor
446 2737 562 2821 integro
569 2738 697 2819 facem,
719 2736 769 2795 liic
785 2739 900 2818 peritus
929 2738 1097 2822 imperator
1124 2741 1221 2822 impe-

125 2823 188 2883 rito
208 2822 372 2883 eremium
395 2819 498 2890 trudit.
520 2821 602 2904 Lege
621 2828 796 2902 praetereo,
816 2820 842 2879 si
860 2816 969 2899 lubet,
990 2820 1147 2902 epistolam
1165 2819 1221 2906 69.

126 2904 228 2986 Lipsii
250 2905 395 2969 Centurio
416 2902 498 2982 lll.‚
521 2901 691 2966 ubimulta
713 2899 832 2962 disserit
851 2901 889 2964 de
909 2902 1148 2967 hemerodromis
1168 2925 1224 2971 seu

127 2986 308 3051 cursoribus
331 2987 455 3068 diario,
486 2988 624 3074 quium
644 2985 695 3048 die
715 2983 844 3071 pedibus
868 2988 998 3072 spatium
1019 2988 1125 3072 iugens
1146 3009 1223 3050 cou-

124 3070 284 3134 ficiebant.
299 3091 428 3140 eonas.

212 3156 296 3236 Pag.
310 3158 381 3236 300,
392 3158 425 3220 3.
449 3154 606 3242 σφετέρου
628 3148 674 3218 Μ.
1137 3208 1141 3215 .

210 3239 296 3321 Pag.
306 3241 374 3318 300,
384 3260 434 3305 αα.
453 3240 593 3304 scalas
609 3241 676 3302 bin
684 3257 734 3306 as.
774 3234 898 3323 Lipsius
923 3236 1115 3315 Poliorcetioj
1142 3237 1223 3303 libro

129 3340 156 3386 r.
181 3319 307 3406 dialogo
325 3320 357 3391 6.
377 3343 412 3384 ex
434 3324 557 3389 Herone
583 3321 756 3385 reticulatas
775 3334 866 3387 vocat
892 3345 910 3384 o
939 3323 1073 3408 stuppeis
1099 3323 1226 3385 funibus

15 3402 22 3413 ⁴
125 3406 225 3468 instar
244 3407 320 3468 retis
338 3418 510 3484 contextas,
542 3405 583 3468 ad
610 3426 741 3489 quarum
766 3409 955 3469 summitates
975 3405 1060 3469 hami
1092 3406 1223 3484 adiecti,

127 3499 165 3552 ut
187 3510 353 3552 murorum
371 3493 481 3574 pinnas
498 3490 769 3573 apprehenderent.
793 3509 927 3559 rourum

98 3624 102 3630 .
213 3570 658 3657 Pug.301‚2a.imflondaier
678 3575 724 3635 Μ.

99 3699 101 3708 ·
213 3654 378 3741 Pog.ssoti‚
398 3656 445 3725 16.
470 3657 675 3720 introivit.
717 3656 802 3734 Quid
820 3656 984 3738 imperator
1006 3664 1095 3718 senet
1117 3653 1158 3721 ad
1177 3674 1226 3719 tt·

129 3735 267 3801 eundum
288 3743 432 3802 nuntium
452 3741 491 3801 de
509 3742 646 3821 ingressu
667 3742 784 3821 nepotis
802 3741 836 3799 in
855 3740 966 3800 urbem
987 3737 1110 3813 fecerit,
1132 3760 1229 3822 expo·

129 3823 178 3881 nit
199 3821 350 3905 Gregoras
379 3826 450 3891 sic:
479 3822 658 3907 Imperator
678 3823 759 3884 solus
785 3822 929 3901 alicua,
954 3839 1012 3883 nco
1040 3836 1227 3908 quanquam

128 3904 267 3984 tabem,
286 3909 411 3989 quicum
430 3907 566 3969 dolorem
588 3923 675 3965 suum
701 3907 957 3982 communicaret,
971 3905 1006 3966 in
1025 3926 1112 3967 suum
1131 3907 1228 3966 lestu-

129 3989 199 4048 lum
217 4001 248 4049 et
271 3990 286 4048 ι’
319 4010 334 4049 e
352 3991 506 4064 incubuit,
521 3986 612 4049 nulla
626 4001 709 4049 veste
726 4002 840 4049 exuto.-
868 3990 924 4054 scd
936 4008 1002 4050 una
1019 4008 1087 4057 oum
1113 3989 1151 4048 iis
1169 4007 1228 4046 exa

130 4085 237 4132 nemo
288 4074 477 4154 separatione
495 4072 623 4148 indutu,
648 4073 753 4132 animo
773 4071 886 4133 crebris
907 4083 937 4132 et
958 4070 1088 4132 diuersis
1112 4070 1228 4151 muria·

129 4153 265 4217 tionibus
283 4169 438 4219 oestumne
453 4155 601 4233 iacebat,
627 4154 808 4237 corporisne
826 4169 919 4238 atque
941 4154 1016 4216 illuc
1047 4152 1153 4215 crebro
1177 4172 1228 4213 re·

132 4237 276 4300 uolueris.
320 4236 447 4302 Interim
462 4259 591 4322 magnus
605 4236 654 4301 ad
673 4238 788 4302 solatii
800 4240 892 4320 form
909 4237 1055 4300 tumultus
1079 4236 1225 4315 atsditur,

170 4352 385 4410 cantatricum
401 4349 452 4411 111.
917 4408 922 4415 ,
992 4366 1029 4422 ²9
