2978 4678
447 321 503 383 11)
535 317 813 385 cumanorum
832 321 907 384 us.
926 323 951 382 1.
1158 295 1243 396 415
1349 402 1352 407 ⁴

156 479 213 542 list
241 479 322 543 enim
351 478 403 539 via
431 478 464 538 in
501 473 618 538 coelum
648 473 756 553 laura,
787 475 846 537 boe
877 484 922 536 est
954 468 1119 549 στενωπός.
1161 474 1244 540 ilaec

155 574 257 625 noster
280 561 408 624 lacobus
429 564 599 626 Gretserus.
619 578 749 622 scuras.

207 680 211 688 ⁴
237 647 321 727 Pag.
349 642 419 728 149,
444 664 492 728 ¹7·
518 645 557 704 in
577 641 608 704 A
614 643 687 704 tlso.
731 641 821 703 Mons
837 640 888 703 hic
906 639 1102 705 Macedoniae
1120 644 1243 706 notissi-

155 750 262 791 muse
289 726 507 809 scriptoribus,
546 746 608 787 non
643 723 735 786 semel
761 728 794 785 in
819 724 877 786 bac
910 724 1245 794 historia'ncminatur.

154 813 258 874 Etiam
283 811 375 874 hodie
393 800 467 893 ὅρος
488 804 578 889 dytov
600 809 731 887 dicitur,
755 808 810 868 ubi
834 806 884 876 ab,
909 821 1069 891 supersunt
1092 821 1242 872 monaste·

155 898 227 975 ria,
251 894 368 978 singula
388 894 544 977 quondam
568 892 706 953 ducentis
735 903 790 953 ant
821 893 961 954 trecentis
985 890 1128 975 calogeris
1154 893 1242 955 babi-

155 990 220 1040 tata
240 979 432 1062 (calogeros‚
461 976 494 1038 id
515 986 562 1037 cst
590 976 687 1037 bonos
709 996 820 1054 senes,
839 974 1001 1037 monachos
1019 974 1088 1037 illos
1104 978 1242 1040 nominat

156 1064 306 1124 Graecum
343 1060 469 1142 vulgus)
504 1070 670 1141 contraque
706 1062 771 1121 vim
800 1057 986 1140 praedonum
1010 1078 1047 1119 ac
1076 1062 1243 1141 piratarum

154 1147 283 1207 munita.
327 1143 414 1205 Nunc
429 1144 584 1205 deminuto
607 1141 678 1204 licet
701 1163 842 1223 numero,
864 1140 964 1203 adhuc
990 1161 1097 1202 eorum
1118 1153 1242 1206 estma-

154 1250 215 1309 gna
237 1229 280 1290 ibi
304 1229 401 1309 copia.
442 1227 472 1288 A
491 1227 599 1288 Tuscis
617 1235 746 1288 vocatur
764 1227 936 1301 Monastir,
969 1235 1005 1285 ut
1024 1226 1116 1287 refert
1136 1229 1237 1287 Leun—
1257 1220 1262 1237 ‘

154 1310 280 1377 clarius.
322 1310 364 1371 Et
386 1309 569 1392 quicumque
589 1307 649 1370 alio
673 1311 814 1372 venirent
840 1306 931 1373 buius
957 1311 1068 1370 montis
1085 1309 1238 1384 monaehi,

154 1405 279 1477 propter
298 1396 459 1455 arctiorem
477 1390 669 1475 disciplinam
696 1394 900 1474 maioremque
928 1394 1103 1474 opinionem
1127 1394 1240 1457 saucti-

154 1480 274 1539 moniae
293 1477 400 1538 maiori
420 1488 506 1537 eraut
524 1481 557 1538 iu
583 1475 699 1537 bonore
725 1497 760 1537 ac
782 1477 890 1558 pretio.
911 1495 1042 1541 rostras.

235 1560 320 1642 Pag.
350 1560 419 1641 149,
447 1581 492 1643 19.
514 1556 676 1639 χρώμενοι
696 1561 741 1625 Μ.
767 1580 827 1642 mg.

236 1643 319 1725 Pag.
344 1644 412 1726 149,
437 1642 667 1704 α1.νέαυοαι.
694 1645 738 1709 M.
826 1713 830 1721 Α

236 1726 316 1809 Peg.
343 1726 412 1806 150,
437 1725 486 1802 14.
504 1725 581 1805 napi
602 1715 719 1786 iusseri
737 1725 783 1785 M.
805 1736 835 1788 et
850 1745 906 1807 pro
926 1723 981 1788 snt
992 1746 1076 1808 supr.
1088 1721 1142 1792 lin.
1154 1720 1238 1809 aspi.

235 1809 319 1891 Peg.
346 1810 414 1885 150,
443 1807 491 1869 15.
513 1801 593 1888 πρὸς
613 1803 673 1869 sir·
687 1805 823 1885 βασιλέα
847 1810 890 1869 Μ.

235 1890 315 1974 Pag.
341 1891 410 1970 150,
434 1912 483 1952 ao.
505 1887 728 1973 ἀφῃρημένους
757 1885 792 1951 τὸ
814 1891 930 1970 γένειον
960 1884 1016 1950 καὶ
1044 1884 1100 1962 τὰς
1115 1891 1238 1970 τρίχας.

153 1973 272 2055 Quibus
296 1974 399 2035 verbis
425 1984 499 2055 puto
535 1993 702 2052 rasuram,
739 1994 802 2034 nou
823 1976 1022 2035 attonsionem
1052 1994 1105 2035 seu
1126 1974 1236 2037 deton-

151 2062 283 2133 sionem,
316 2056 486 2138 signifieari.
540 2055 625 2118 Alibi
649 2066 752 2118 temen
777 2057 825 2118 bis
852 2069 900 2118 ter
926 2055 1020 2118 verbo
1051 2057 1237 2138 περικείραν

149 2144 247 2202 utitur
267 2149 297 2200 et
316 2137 408 2203 semel
429 2141 595 2217 περιελεῖν.
635 2139 740 2218 Quare
758 2140 847 2201 liceat
864 2139 987 2201 sortasse
1007 2138 1168 2200 transferre
1182 2138 1237 2200 de·

150 2238 235 2286 tonsa
256 2223 352 2285 barda
370 2237 400 2284 et
418 2222 545 2306 capula.
588 2222 692 2283 Genus
707 2224 904 2305 ignominiae,
927 2222 1068 2297 Graecis,
1088 2231 1122 2283 ut
1142 2243 1237 2304 appa·

150 2319 209 2379 ret,
230 2307 386 2384 usitatum,
407 2304 552 2373 Romanis
571 2304 713 2383 minime,
731 2327 807 2387 quos
830 2325 891 2365 non
911 2303 1077 2366 delectabat
1101 2325 1237 2386 καρηκο-

148 2390 291 2466 ,coenae
326 2398 379 2449 aut
399 2381 603 2466 παγανιὰτας
625 2409 709 2466 esse,
730 2390 789 2449 nisi
814 2387 982 2449 sordidatos
1003 2397 1034 2448 et
1053 2406 1143 2465 reos3
1167 2398 1234 2450 tum

150 2473 232 2534 enirn
255 2471 383 2533 barbam
407 2472 555 2553 impexam
589 2480 619 2532 et
636 2471 830 2554 ‘squalentem
862 2470 1065 2553 capillumque
1094 2474 1236 2534 summit·

148 2556 264 2619 tebant.
307 2555 349 2615 At
373 2554 495 2614 Graecis
522 2553 554 2614 id
584 2552 693 2616 honori
713 2555 797 2633 fuit,
819 2566 1003 2638 quapropter
1030 2556 1133 2637 magni
1154 2555 1237 2637 apud

149 2661 201 2701 eos
220 2639 375 2701 dedecoris
395 2635 462 2696 loco
484 2635 632 2714 habitum,
651 2642 695 2700 ita
722 2638 923 2701 deformatum
947 2641 979 2699 in
1005 2637 1073 2699 foro
1098 2650 1237 2720 spectan-

148 2723 223 2783 dum
243 2733 274 2785 et
299 2720 486 2782 irridendum
511 2719 652 2782 exbiberi.
694 2722 826 2785 Videtur
854 2734 954 2783 autem
981 2742 1047 2783 mos
1071 2720 1237 2784 admodum
1285 2732 1287 2743 '

148 2808 292 2889 antiquus
318 2803 471 2867 decalvari
494 2802 618 2865 ludibrii
642 2826 741 2867 causa.
781 2806 861 2867 Nam
883 2804 1015 2887 Paralip.
1036 2827 1062 2869 1.
1081 2826 1152 2866 cum
1168 2805 1235 2865 Da·

148 2891 201 2951 vid
232 2888 347 2972 legatos
371 2889 499 2951 misisset
526 2888 565 2948 ad
592 2887 810 2951 consolandum
826 2889 996 2964 Henanem‚
1024 2888 1121 2948 lilium
1141 2887 1235 2967 Naas,

147 2975 228 3057 regis
247 2973 513 3049 Ammoniterum,
534 2970 585 3032 ille
607 2993 731 3035 suorum
753 2992 845 3037 suasu
874 2994 984 3055 pueros
1009 2970 1111 3032 David
1132 2970 1234 3033 decal-

148 3059 233 3118 vavit
253 3067 284 3118 et
308 3059 392 3121 rasit.
437 3054 518 3114 Hinc
538 3055 639 3116 David
668 3059 840 3141 praecepit,
862 3067 897 3117 ut
917 3065 1074 3117 manerent
1099 3055 1131 3115 iu
1162 3055 1236 3115 Hie·

147 3141 244 3216 richo,
260 3139 356 3205 donec
380 3148 526 3203 cresceret
545 3137 641 3201 barba
666 3160 783 3207 eorum.
826 3139 910 3217 Quin
932 3141 964 3201 id
981 3138 1063 3223 apud
1079 3138 1235 3200 Hebraeos

149 3225 180 3285 in
203 3222 287 3287 luctu
306 3223 407 3298 fieret,
444 3231 550 3282 contra
573 3243 665 3305 quam
686 3224 769 3307 apud
795 3223 970 3299 Romanos,
1000 3221 1106 3285 multis
1125 3242 1143 3284 e
1160 3220 1235 3284 locis

149 3329 250 3370 sacrae
268 3307 434 3389 scripturae
453 3316 580 3366 constat.
604 3327 735 3371 rueras.

231 3389 313 3473 Peg.
340 3384 644 3468 151,5.1³ersas.
684 3392 842 3469 Observa,
867 3410 924 3473 pro
944 3390 1065 3461 Tuscis,
1089 3391 1145 3472 qui
1171 3389 1234 3449 iam

147 3487 214 3536 tum
243 3476 350 3535 Asiam
373 3473 522 3537 minorem
553 3472 731 3536 obtinebant
758 3487 788 3537 et
817 3476 849 3535 in
873 3475 949 3535 smes
970 3474 1122 3535 Romanos
1144 3492 1233 3553 saepe

149 3558 377 3639 grassabantur,
403 3554 435 3616 id
454 3556 536 3637 quod
561 3560 594 3618 in
613 3579 773 3641 progressu
794 3558 915 3637 disces,
946 3576 1063 3638 semper
1086 3578 1104 3616 a
1126 3566 1231 3616 nostro

149 3641 265 3715 Persas,
287 3660 446 3723 uunquam
466 3641 584 3705 Turcas
601 3642 759 3723 appellari,
784 3654 820 3704 ut
842 3640 915 3702 iacit
935 3641 1092 3720 Gregoras.
1136 3638 1231 3720 ldque

148 3724 197 3785 vel
230 3738 353 3807 propter
383 3722 486 3784 odium
508 3723 630 3787 Tusciui
655 3726 807 3803 nominis,
841 3721 892 3783 vel
920 3733 1043 3804 propter
1080 3719 1232 3805 religionis

148 3811 409 3871 communionem:
434 3805 540 3867 ambae
554 3805 702 3888 siquidem
719 3818 833 3891 gentes,
855 3804 975 3869 Tuscae
997 3816 1028 3867 et
1043 3805 1165 3882 Persae,
1183 3825 1231 3868 se-

148 3901 216 3953 ctae
243 3891 484 3957 mahometanae.
507 3910 639 3951 scaras.

232 3974 315 4057 Pag-
352 3976 419 4053 151,
450 3992 501 4038 ar.
524 3963 608 4052 ἦσαν
644 3966 704 4052 γὰρ
737 3965 905 4056 φεύγοντες
939 3971 997 4035 orla
1032 3972 1068 4036 lv
1100 3967 1229 4056 ἐφικτῷ.

148 4058 237 4121 Cur?
257 4061 328 4142 quia
348 4058 436 4123 nimis
451 4055 589 4119 celeriter
611 4055 777 4139 fugiebant.
822 4059 965 4121 Castam
985 4056 1142 4123 celeriter?
1158 4056 1232 4136 quia

146 4140 281 4205 multum
299 4141 464 4205 timebant:
495 4142 588 4203 timor
601 4151 709 4203 'aretem
735 4142 864 4223 pedibus
884 4141 969 4203 addit
994 4141 1080 4219 alas,
1102 4150 1138 4198 ut
1163 4158 1229 4201 ma·

146 4247 225 4309 gnus
246 4236 329 4289 vates
354 4228 406 4293 ait.
446 4225 529 4308 Ergo
552 4246 673 4288 sensum
702 4225 882 4305 commode,
906 4236 941 4287 ut
971 4245 1060 4308 reor,
1086 4221 1229 4306 expressi·
