2900 4676
248 340 257 349 ’
359 360 417 436 tu
446 358 726 427 eluricuzuu
756 360 831 424 mu.
860 362 918 427 ιιι.
1117 336 1205 456 529

124 523 225 576 tamen
243 533 311 575 eam
332 532 404 574 eum
423 511 501 575 libra
531 532 583 575 eeu
604 516 718 577 trutina
739 512 867 576 effictam
888 514 996 593 filine,
1037 526 1100 579 non
1118 522 1205 585 inve·

125 597 186 662 nio.
232 598 298 658 llao
320 609 422 658 autern
442 599 543 678 potius
563 599 642 657 iusta
669 598 875 675 iudicaretur,
903 619 971 659 cum
994 613 1153 664 accusetur
1170 615 1207 668 ut

125 680 317 741 iniustissima
354 692 384 742 et
412 701 500 741 caeca
524 678 625 762 plane.
667 682 884 741 Verumtamen
914 703 968 762 per
998 679 1097 745 lances
1128 691 1204 768 eiua,
1229 678 1232 685 ’

123 761 249 823 alteram
269 763 489 840 ascendentem,
510 764 633 829 alteram
654 762 895 837 descendentem,
918 785 978 825 oon
1000 765 1094 845 aliud,
1114 791 1207 853 quam

124 849 217 925 ipsius
237 846 433 908 mobilitatem
456 858 486 907 et
506 849 736 912 inconstantiam
759 848 927 930 significare
959 847 1117 912 historicus
1147 874 1206 914 vo·

125 926 192 1005 luit,
215 951 293 1011 quae
313 951 395 991 nunc
413 929 533 1011 exaltet,
553 951 636 991 nuuc
655 930 820 1015 deprimat,
852 951 934 991 nuno
954 931 1027 1008 det,
1050 953 1132 997 nuno
1147 957 1206 998 au·

126 1012 211 1077 fetat.
232 1033 361 1075 nourau.

212 1094 293 1177 Peg.
308 1093 381 1168 515,
397 1096 449 1157 23.
467 1097 594 1156 vitam
615 1098 777 1158 minime
795 1096 979 1163 vitalem.
1017 1095 1087 1175 βίον
1108 1096 1207 1199 ἀρῶ)-

126 1196 180 1238 mv
210 1191 254 1239 eat
277 1182 309 1240 in
340 1180 467 1239 Graeco.
506 1176 594 1239 Talia
618 1190 689 1241 aunt
718 1179 800 1260 apud
831 1181 967 1240 Graecae
993 1182 1066 1240 item
1097 1199 1207 1264 voppp

128 1248 291 1344 ἅνυμφος,
312 1260 471 1342 παρθένος
492 1252 693 1342 indolem,
715 1261 804 1343 δῶρα
823 1251 947 1342 ἄδωρα,
959 1260 1055 1341 γάμοι
1072 1251 1205 1340 ἄγαμοι,

124 1335 228 1423 μήτηρ
250 1339 400 1445 α’μήτως,
426 1339 523 1425 χάρις
546 1334 679 1425 ἄχαρις,
710 1355 740 1405 et
762 1366 840 1427 quae
868 1355 954 1405 notat
976 1345 1129 1420 Victorius
1149 1346 1204 1408 lib.

130 1444 177 1484 to.
202 1427 424 1509 oap.12.,aoy'
446 1419 583 1508 aimoyno,
613 1427 730 1505 πότμος
762 1447 908 1506 nantuac.
949 1427 992 1488 Et
1020 1429 1208 1492 Graecorum

127 1508 294 1572 imitatione
307 1512 389 1591 apud
414 1512 538 1572 Latinus
555 1512 701 1595 insepulta
722 1511 885 1595 sepultura,
907 1512 1047 1609 innuptae
1071 1513 1204 1595 nuptiae,

126 1611 179 1650 ars
204 1594 291 1669 mers,
309 1596 432 1674 fimera
455 1615 509 1655 uec
526 1595 656 1675 funera,
677 1595 832 1657 iiuum'etu
847 1596 1022 1678 sapientia,
1046 1592 1208 1678 disciplina

125 1673 265 1736 imiocilis
285 1688 341 1737 etc.
364 1698 492 1739 aornar.

206 1757 280 1840 Pog.
294 1759 372 1838 516,
389 1779 434 1826 to.
453 1760 707 1822 uoluntatem
726 1760 826 1835 eius,
859 1779 930 1821 nou
951 1757 1058 1820 euim
1078 1757 1209 1823 dicam

127 1834 459 1923 intelligentiam.
500 1844 614 1902 Graece
634 1843 676 1901 sio
704 1861 776 1901 cum
796 1842 928 1924 quadam
954 1842 1087 1903 iucunda
1117 1864 1210 1922 paro-

128 1925 280 1996 nomasia,
304 1919 362 2004 τὴν
381 1922 479 2005 αὐτῆς
503 1921 754 2006 &completuram
774 1920 924 2005 γνώμην,
956 1919 995 1985 mi
1015 1920 1077 2005 γὰρ
1101 1918 1141 1986 ἂν
1163 1922 1210 1987 εἴ·

128 2022 218 2080 noim
246 2005 372 2084 γνῶσιν.
418 2008 484 2067 Hoc
518 2006 595 2068 vult.
637 2007 707 2067 Non
738 2018 904 2089 potueruut
931 2007 977 2069 illi
1005 2007 1212 2090 sycophantae

127 2085 262 2166 efficere,
278 2100 314 2149 ut
334 2091 506 2173 imperatrix
528 2089 678 2150 desineret
700 2110 787 2151 nosse
817 2111 876 2169 me,
896 2093 948 2172 qui
969 2111 1075 2164 essem,
1098 2091 1129 2151 id
1153 2103 1209 2171 eat,

129 2188 221 2250 quam
241 2174 367 2254 integer,
391 2193 483 2254 quam
502 2172 583 2232 fidus
603 2183 659 2234 etc.
679 2172 742 2232 Neo
762 2174 843 2233 euim
864 2173 923 2233 hoe
943 2183 1073 2254 poterat,
1093 2184 1139 2235 tot
1161 2196 1211 2236 ex·

127 2255 301 2333 perimentia
322 2256 449 2317 edocta:
475 2255 527 2315 sed
548 2265 582 2314 ut
602 2274 664 2314 uon
686 2255 815 2339 amplius
843 2255 921 2316 bene
939 2268 1063 2338 cuperet
1078 2256 1211 2331 milri,ut

127 2355 177 2394 me
188 2336 278 2399 vellet
290 2340 438 2421 persequi,
450 2358 512 2427 qua
526 2338 602 2415 iure,
612 2358 671 2418 qua
688 2337 877 2416 iniuria,hoo
890 2332 1061 2406 effecerunt.
1075 2358 1208 2406 eourar.

211 2419 287 2503 Pag.
301 2419 372 2495 318,
381 2444 416 2564 p.
426 2424 588 2500 frater.
613 2415 824 2501 Aitolialpoc
846 2432 891 2483 est
910 2424 943 2482 iu
965 2423 1105 2483 Graeco:
1127 2422 1210 2506 qnod

127 2502 252 2583 accipio,
274 2504 362 2587 quasi
403 2506 525 2583 ixisset,
544 2513 688 2585 tanquam
710 2504 820 2582 frater3
846 2505 903 2566 suit
922 2508 1002 2566 enim
1023 2502 1156 2582 ἀνεψιὸς
1179 2516 1211 2567 et

129 2584 170 2644 ita
192 2606 279 2668 saepe
295 2586 383 2647 illum
408 2597 508 2652 vocat.
550 2587 615 2646 Non
638 2586 730 2668 igitur
750 2587 841 2648 frater
854 2606 871 2663 ,¹
895 2589 1002 2648 iisdem
1033 2588 1237 2671 parentillae*

128 2678 182 2727 aut
203 2668 298 2731 altero
319 2681 431 2749 natus3
453 2672 591 2753 muniris
612 2690 646 2729 ex
668 2668 773 2730 eadem
788 2670 890 2731 radice
909 2672 1026 2751 generis
1046 2688 1116 2732 eum
1137 2673 1211 2733 Cau·

130 2761 276 2815 mcttzeno
294 2754 442 2836 prodiisse
462 2774 531 2814 mox
551 2752 694 2831 dicatur,
725 2753 804 2815 filius
824 2752 936 2815 scilieet
956 2750 1136 2817 materterae
1157 2763 1214 2816 aut

129 2833 256 2897 alieuius
274 2839 514 2921 consanguineae
530 2838 637 2919 ipsine.
667 2854 799 2909 romeu.

212 2919 293 3002 Pop.
311 2922 382 3004 319,
402 2921 449 2983 13.
471 2940 539 2982 ruo
567 2919 724 2982 nomini.
758 2920 886 2982 loannes
905 2918 1041 3003 Angelus
1060 2917 1217 2988 videlieet·

128 3002 186 3064 Est
206 3014 307 3064 autem
327 2998 458 3067 loannes*
477 3003 622 3067 Hebraeis
642 3003 737 3086 gratia
755 3004 826 3085 Dei,
848 3015 878 3065 et
900 3015 998 3087 potest
1017 3003 1077 3066 diei
1097 3003 1215 3087 gratio·

129 3107 190 3150 aue.
211 3106 337 3150 eonrau.
429 3150 432 3155 .

214 3168 292 3250 Pag.
309 3172 381 3245 loo,
395 3180 433 3235 a:
450 3166 495 3243 εἰς
514 3159 665 3253 κεφαλήν.
706 3169 835 3231 Nomine
855 3168 916 3232 liou
941 3188 1004 3230 non
1033 3167 1117 3230 aliud
1136 3178 1217 3252 puto

130 3251 227 3328 velle,
249 3272 341 3335 quam
362 3253 547 3336 praefemum
576 3274 613 3316 ao
643 3252 764 3314 ducem.
806 3253 901 3313 Dacia
929 3250 1084 3335 quondam
1110 3252 1217 3335 appel⁴

132 3333 252 3396 labatur
270 3337 451 3418 amplissima
472 3339 575 3421 regio,
607 3357 686 3419 quae
706 3335 959 3419 Tranaylvaniam
995 3355 1065 3395 oum
1085 3345 1218 3419 utraque

132 3417 278 3480 Valaohia
298 3421 493 3483 continebat:
516 3432 546 3499 et
565 3422 690 3503 cingunt
709 3418 818 3479 ambae
845 3418 1007 3480 Valaoltiae
1028 3418 1218 3503 Tmnsytva·

131 3502 231 3577 niam,
262 3525 390 3585 quorum
403 3525 473 3565 una
493 3507 614 3579 maior,
649 3503 743 3564 altera
763 3504 864 3563 minor
893 3501 1013 3563 dieitur.
1057 3504 1156 3563 Maior
1174 3501 1219 3563 ad·

131 3582 285 3646 Euxinum
307 3608 390 3646 mare
417 3608 450 3648 ae
477 3590 604 3670 porrigit
638 3597 669 3646 et
696 3588 806 3646 nuouio
836 3595 882 3645 eat
905 3583 1096 3646 Moldariae·
1114 3586 1217 3646 minor

131 3680 255 3748 propter
285 3669 422 3730 Danubii
450 3672 531 3751 ripas
564 3670 734 3730 extenditur
753 3680 784 3728 et
801 3665 982 3750 plerumque
1001 3665 1217 3750 Transalpina·

132 3749 269 3812 Bouiiuio
290 3764 452 3825 montana,
484 3754 561 3814 aicut
580 3763 611 3813 et
633 3750 699 3811 aliis
718 3752 903 3811 nomioatur.
944 3748 1103 3810 Vlachiam
1123 3771 1217 3813 voca·

132 3852 205 3896 vere
226 3836 334 3901 Graeci
355 3847 385 3896 et
407 3833 520 3896 incolas
538 3833 693 3904 Vinctus,
726 3852 783 3913 pro
811 3831 921 3916 quibus
946 3836 1093 3915 interpres
1115 3834 1218 3895 Zona·

132 3936 215 3994 rae,
247 3916 374 3979 Cedreni
399 3930 430 3978 et
450 3916 579 3978 alioruin
608 3918 820 3977 historicorum
842 3914 997 3977 Blaehiam
1026 3926 1057 3976 et
1078 3915 1217 3993 Blaohou,¹
1300 3932 1303 3937 ·

19 4022 25 4033 ‘
132 4010 242 4060 eontra
264 4001 430 4062 molliorem
453 4000 668 4083 pronuntiandi
684 4002 831 4060 rationem
846 4000 1043 4077 Graecorum,
1056 4018 1132 4081 quos
1147 4001 1218 4058 imi-

132 4093 234 4143 tantes
256 4084 374 4144 Torone
395 4104 455 4145 non
481 4084 612 4160 lblach,
647 4083 699 4143 sed
731 4081 825 4143 lllaoh
852 4081 967 4143 dicunt.
1012 4082 1093 4141 Haec
1115 4084 1218 4140 Leun-

111 4164 265 4227 ·elavius.
306 4167 521 4228 Verumtamen
542 4168 592 4228 hic
614 4164 770 4226 Thessalia
792 4186 844 4224 seu
864 4184 935 4245 paru
956 4162 1130 4224 Thessaliae
1161 4182 1219 4224 oo·

133 4250 217 4335 ruine
245 4245 384 4309 Blachiae
410 4251 570 4331 significari
599 4250 741 4315 videtur:
778 4248 931 4311 'l'hessalio
957 4251 1039 4310 enim
1067 4244 1219 4330 Angelum

168 4355 380 4414 eaniacunnus
400 4358 450 4414 111.
963 4354 999 4423 34
