2978 4678
476 292 532 355 lu
564 289 841 357 clericorem
875 296 950 357 uu.
981 271 1007 357 ι.
1192 257 1293 387 ioli

280 444 356 527 Peg.
375 464 485 528 rot,7.
512 449 680 509 salutem
702 470 803 523 esec,
823 449 885 510 ubi
904 448 1031 510 nantia
1049 465 1134 513 eunt
1150 455 1295 515 consi*

199 529 272 588 lia.
314 529 469 605 Proverb.
496 553 541 597 ιι.
566 531 675 592 Trahit
695 531 752 592 hoc
771 542 872 592 noster
898 535 989 593 etiem
1010 532 1049 593 ud
1075 543 1191 612 mum,
1227 538 1280 619 qui

199 614 317 694 saepius
335 612 374 673 de
394 615 499 674 iisdem
521 614 611 676 rebus
628 636 729 675 secum
744 614 904 676 consultet.
932 636 1063 679 eorum.

284 693 362 775 Pag.
393 716 461 771 ror,
482 718 534 757 αι.
557 693 737 776 ἀπαντῆσαι
758 699 802 757 Μ.
1096 727 1100 740 ·

283 776 360 859 Peg.
386 780 453 852 103,
478 800 506 843 ι.
528 774 664 851 πολλοὺς
683 790 715 841 et
738 776 955 857 διακειμένους
975 780 1019 847 Μ.
1038 792 1129 846 reete.

285 859 360 941 Pag.
376 863 440 938 103,
454 861 482 926 5.
502 858 716 924 veteribus
741 862 920 928 Graecis.
942 862 1018 940 Quis
1039 868 1077 926 sit
1097 863 1149 926 ille
1168 866 1218 927 vir
1231 889 1280 930 m·

202 944 308 1025 piens,
327 965 376 1004 me
397 942 477 1005 lutet.
519 945 660 1007 Refertur
683 966 702 1006 e
725 943 824 1006 Gellio
845 944 903 1006 hoc
924 946 1063 1027 adagium
1090 948 1139 1009 his
1160 951 1279 1013 verbisr

203 1022 315 1086 Πολλά
338 1021 457 1103 perciti
481 1028 568 1090 πέλει
588 1025 710 1100 κύλικος
730 1023 785 1088 καὶ
801 1024 924 1106 χιιλιος
946 1017 1054 1110 ἄκρου.
1086 1032 1156 1109 Quo
1178 1054 1281 1095 mone·

204 1130 281 1186 mur,
303 1111 351 1170 vix
371 1110 462 1170 etium
484 1112 519 1172 iis
539 1111 733 1189 credendum,
755 1131 833 1193 quae
856 1111 992 1173 videmus
1019 1126 1050 1176 et
1077 1114 1216 1178 menibus
1234 1127 1282 1179 te·

203 1213 328 1253 nemus:
352 1193 544 1273 usqueadeo
565 1195 665 1255 future
685 1196 800 1256 incerte
819 1214 894 1255 esse.
933 1193 1059 1259 Similes
1093 1198 1172 1259 iuter
1198 1220 1232 1261 os
1251 1209 1282 1262 et

203 1274 302 1335 oliam.
345 1276 424 1335 Vide
447 1275 767 1343 Chiliesten.rorrs1‹.

287 1357 367 1437 Peg.
394 1359 461 1437 103,
482 1358 514 1424 6.
554 1355 633 1421 nolti
657 1360 702 1420 Μ.
726 1381 787 1442 mg.

287 1437 365 1520 fag.
391 1440 457 1518 103,
479 1463 507 1525 7.
539 1443 742 1504 commoda
763 1443 938 1526 peribus
968 1465 1199 1531 exaequare
1224 1448 1282 1509 ιἰι-

203 1523 424 1583 commodis.
448 1524 559 1588 Sensus
575 1537 631 1607 eet,
651 1528 684 1586 ni
696 1523 803 1588 fellor:
826 1526 936 1588 debere
954 1525 1045 1590 duces
1068 1540 1188 1609 peretos
1205 1551 1281 1604 esse,

204 1615 239 1664 ut
262 1606 428 1685 uequeliter
450 1610 612 1670 secundem
630 1620 660 1670 et
683 1608 839 1669 adversam
863 1609 1015 1670 fortunam
1033 1611 1138 1676 ferant.
1167 1612 1283 1693 Prope-

203 1686 329 1747 modum
359 1689 419 1750 hue
442 1690 523 1753 velet
549 1692 625 1753 illud
654 1701 760 1753 notum
772 1737 782 1769 ,
818 1693 879 1774 Qui
907 1692 996 1752 elteri
1023 1696 1151 1757 cm'tium
1177 1698 1281 1771 ιτιιιιλ,

204 1791 270 1830 eum
291 1773 367 1832 scite
384 1788 518 1856 oportet,
550 1777 739 1859 reliquoque
753 1787 897 1859 parmam
909 1770 1091 1859 pestem‚*ut
1112 1780 1283 1864 participet,

194 1880 198 1887 ·
226 1874 320 1915 arem.
353 1876 484 1917 consen.

202 1874 227 1936 p
288 1935 366 2016 Peg.
394 1939 461 2015 103,
487 1938 536 2004 ιδ.
577 1932 632 1998 διὰ
657 1933 695 1999 τὸ
720 1935 754 1999 ἓν
782 1936 904 2000 ἐλπίσιν
928 1934 1013 2018 ἡμᾶς
1033 1931 1116 2003 εἶναι
1142 1940 1284 2027 διαφθα-

205 2012 373 2096 ρήσεσθαι.
401 2020 468 2081 Vox
486 2018 584 2093 ἐλπὶς,
611 2021 865 2102 quemadmodum
885 2032 916 2082 et
935 2021 1083 2101 ἐλπίζειν,
1103 2028 1230 2104 ponitur
1251 2027 1284 2088 in

203 2103 282 2161 vitio
297 2123 436 2184 quoquc,
457 2124 515 2185 pro
533 2115 616 2163 metu
636 2105 748 2168 scilicet
768 2125 803 2165 ec
824 2107 943 2176 timore,
966 2115 1001 2164 ut
1020 2106 1134 2167 Latinis
1153 2130 1284 2191 sperare.

203 2182 259 2244 Est
279 2196 381 2246 autem
401 2207 505 2248 seusus
526 2186 694 2267 ambiguus.
736 2187 850 2247 Utrum
877 2188 950 2268 quie
969 2187 1026 2266 ipsi
1047 2188 1208 2251 formident
1228 2211 1284 2253 noe

140 2261 145 2269 '
205 2267 399 2349 interituros,
428 2291 468 2330 en
489 2270 559 2351 quie
579 2289 634 2328 nos
655 2268 869 2341 formidemus,
902 2288 957 2329 nos
982 2269 1178 2332 interittuost
1216 2272 1284 2356 Ego

204 2351 335 2430 priorem
356 2362 475 2414 secutus
494 2373 570 2416 sum.
612 2351 774 2429 Quomodo
797 2353 877 2412 enim
900 2348 1009 2411 auxilia
1027 2366 1236 2433 perseverent,
1257 2358 1284 2418 si

203 2443 340 2493 metuent
360 2454 478 2496 mesum
498 2436 546 2508 iri,
568 2436 679 2519 quibus
698 2455 787 2517 opem
808 2433 970 2494 serebant?
996 2434 1087 2498 Volet
1107 2448 1208 2501 tamen
1230 2458 1283 2500 ee·

203 2515 272 2576 dem
300 2518 378 2577 ratio
404 2519 435 2578 iu
456 2517 585 2579 alterum
612 2540 732 2602 quoque
763 2537 892 2579 sensum.
933 2514 1010 2579 Nem
1037 2519 1111 2600 quid
1139 2520 1226 2581 cordi
1243 2524 1285 2585 stt

203 2597 378 2675 auxiliariis,
399 2603 437 2678 si,
462 2621 593 2682 quorum
612 2614 684 2664 sunt
704 2601 863 2673 auxiliarii,
885 2597 1063 2681 desperent?
1083 2623 1217 2665 ronrsu.
1239 2660 1241 2667 .

286 2681 362 2763 Peg.
390 2682 460 2761 104,
481 2705 513 2766 9.
553 2680 710 2762 ιιιῖτοβοιλ.
740 2684 815 2744 oin»
843 2687 907 2765 ipro
935 2677 1074 2749 clamore.
1117 2686 1187 2746 Hoc
1204 2686 1283 2749 nihil

204 2772 250 2827 est
269 2763 363 2843 aliud,
388 2767 590 2847 quamprimo
604 2768 728 2847 impetu,
745 2767 844 2847 primo
863 2765 997 2845 incursu,
1012 2767 1055 2826 im
1067 2780 1162 2829 ersten
1174 2781 1283 2831 ιειιινπι

204 2847 357 2928 quomodo
373 2850 462 2918 urltes
478 2848 638 2929 aliquando
651 2852 820 2931 cupiuntur.
841 2846 893 2908 Ad
908 2848 1053 2930 cuiusque
1067 2852 1191 2911 ectiouis
1204 2850 1285 2913 eele-

204 2932 322 2992 ritatem
345 2930 569 3015 significandum
584 2931 710 2994 verbum
721 2933 870 2992 Graecum
890 2940 934 2992 est
955 2930 1109 2997 idoneum.
1130 2954 1263 2997 muter.

287 3012 364 3097 Peg.
390 3018 460 3095 105,
489 3035 533 3079 ro.
573 3003 740 3094 idyoir'civ
764 3015 811 3075 M.

286 3096 365 3181 Pag.
393 3098 458 3175 106,
486 3119 533 3181 19.
586 3089 751 3172 ὑποδεῖξαι
779 3106 824 3157 est
854 3098 888 3157 iu
915 3096 1041 3160 Graeco.
1083 3096 1285 3164 &nuendum

202 3173 355 3262 ν’πεῖξαι,
389 3182 507 3242 oedem.-
540 3193 648 3264 rogent
667 3184 759 3260 euim,
780 3190 816 3241 ut
846 3179 905 3242 eibi
926 3182 1004 3246 iusta
1024 3180 1196 3265 petentibus
1217 3203 1283 3246 mos

203 3272 333 3343 geratur.
363 3284 497 3325 ronrnu.
855 3308 857 3312 -

286 3347 365 3429 Peg.
391 3345 457 3426 108,
479 3347 507 3409 3.
531 3345 602 3443 Nep
622 3336 901 3425 ἕπιβουλευὸιποιν,
916 3345 968 3408 sed
980 3343 1190 3426 ἐπιβαλόντων
1203 3347 1283 3434 lego.

203 3448 335 3496 torruit.

285 3511 363 3594 Peg.
389 3512 459 3592 108,
484 3532 531 3574 12.
554 3507 647 3598 ὀλίγῳ
669 3513 716 3574 Μ.
750 3511 819 3575 Non
842 3514 1034 3576 mutandum.

285 3594 455 3679 Pag.1oss‚
481 3617 529 3657 12.
563 3617 648 3656 cum
673 3596 977 3681 quinquaginta
1000 3599 1168 3682 equitum
1194 3598 1283 3659 mil-

204 3676 314 3746 libus.
356 3678 504 3761 Expresse
522 3679 564 3740 sio
583 3678 675 3739 hebet
695 3679 828 3739 Graecus
847 3677 951 3756 codex,
982 3672 1050 3757 ἅμα
1070 3700 1282 3758 πεντακισμυ-

203 3753 284 3833 ρίοις
306 3758 465 3823 ἱππεῦσιν.
503 3761 546 3823 Et
564 3761 702 3843 quemvis
722 3762 930 3838 subiicieutur,
954 3775 1006 3822 πιιι
1031 3764 1186 3847 eliquatae
1205 3786 1283 3848 puu-

203 3843 349 3921 ciorihm,
376 3845 635 3926 subiungaturque
653 3865 762 3922 ceusu,
792 3844 976 3924 quinetiam
990 3866 1051 3906 non
1072 3847 1234 3928 conscripti
1249 3866 1284 3907 se

204 3923 415 4007 emunxerint,
445 3927 608 3990 voluntarii
628 3926 767 3990 videlicet
789 3947 843 3987 eeu
866 3924 992 3989 volones
1011 3927 1159 4010 plurimi,
1179 3941 1283 3989 tomen

204 4028 261 4087 pro
273 4012 429 4092 exiguitate
442 4011 571 4092 imperii,
581 4033 659 4092 quae
679 4021 752 4071 tunc
773 4020 852 4089 erut,
865 4010 915 4071 vix
937 4021 983 4071 est
1003 4012 1158 4073 credibile.
1200 4012 1282 4070 Rur-

203 4111 272 4151 sum
302 4105 439 4158 extante
457 4094 623 4157 desectione
643 4095 682 4154 ed
702 4093 861 4172 iuniorem,
883 4106 1028 4177 quantem
1049 4115 1140 4179 supro
1160 4090 1281 4160 audin-

203 4193 356 4254 mus,nou
369 4177 404 4242 iit
424 4189 488 4246 tem
508 4175 692 4245 incredibile.
715 4197 844 4244 rorum.
