2978 4678
438 300 495 364 sn
525 298 803 365 cantantum
834 301 954 365 usu
1150 273 1235 387 379

164 455 327 541 nopclltani
346 454 485 516 locabant
503 452 579 515 filias
597 475 681 531 nias,
703 466 732 516 et
755 455 979 516 Centacusenus
1010 451 1147 516 Oretani
1160 455 1237 516 Peu-
1273 414 1275 418 Α

165 562 215 603 sae
238 560 291 601 seu
320 539 439 602 Tuscae
478 539 578 622 potius
609 538 801 601 Theodoram
837 537 930 599 filium
970 548 1101 621 nuptum
1139 536 1234 607 dedit.

164 642 322 786 ronta·
342 703 392 783 ιθ,
418 703 465 765 15.
484 704 553 790 qui
577 702 730 767 Ioanni
754 704 950 767 Batatzae
976 705 1061 788 imp.
1083 724 1235 787 capsas.

162 807 200 846 se
216 787 468 854 dediderant.
499 787 578 848 .Hoc
602 784 636 848 ἐν
656 785 846 868 causidicus
866 787 1001 862 dictum,
1017 807 1109 869 quam
1126 787 1234 848 Graeci
1342 810 1346 817 ’

161 879 268 930 notme
281 891 342 931 nnn
354 869 468 931 solent:
482 892 544 952 quo
553 871 742 932 attentiorem
749 880 868 953 oportet
881 890 943 932 esse
954 873 1157 951 interpretem.
1170 870 1235 930 Ve-

162 951 287 1013 sisimile
299 953 343 1028 fit,
364 953 557 1035 Sytziganum
578 955 668 1014 istum
688 953 852 1015 barbarum
871 973 941 1014 cum
957 970 1052 1014 more
1064 952 1235 1013 Constanti·

161 1034 294 1116 nnpolim
305 1037 459 1119 migrasse,
478 1034 649 1117 ibidemque
661 1040 804 1119 susceptis
816 1036 1057 1097 Christianorum
1076 1034 1166 1096 sacris
1180 1034 1235 1097 ba·

162 1117 273 1180 bitasse
289 1130 321 1180 et
332 1122 363 1179 in
382 1116 486 1179 cadem
498 1119 574 1179 urbe
584 1120 782 1203 Syrgiannem
797 1119 893 1181 filium
912 1121 1058 1202 genuisse.
1081 1137 1212 1178 ronan.

241 1198 529 1284 Pag.18‚15.qut
550 1203 675 1286 ipsum
694 1224 710 1263 e
728 1203 977 1283 sacrofonte
997 1213 1233 1284 susceperat.

161 1283 225 1344 Hos
244 1284 368 1365 quidam
386 1294 590 1366 susceptores,
613 1284 665 1345 alii
684 1297 850 1368 compatres
869 1294 996 1346 vocant:
1021 1283 1132 1345 denam
1152 1285 1234 1345 suun

159 1386 232 1425 cura
247 1377 391 1446 paterna,
409 1386 465 1447 pro
476 1366 586 1449 quibus
605 1369 638 1427 in
651 1367 799 1449 baptismo
818 1367 966 1451 spondent
978 1411 987 1444 ‚
1000 1368 1035 1425 in
1056 1365 1235 1427 Christianis

158 1449 303 1510 institutis
318 1447 498 1511 erudiendos
511 1451 660 1531 suscipere
677 1462 708 1511 et
728 1454 759 1511 in
773 1472 809 1512 eo
823 1462 979 1533 paternam
995 1446 1116 1510 illorum
1127 1469 1234 1509 curam

159 1550 273 1610 gerere.
316 1532 380 1593 Nisi
403 1532 471 1613 quis
492 1531 578 1593 malit
597 1532 636 1593 ab
656 1554 692 1595 ec
710 1532 772 1595 dici
802 1543 1003 1614 susceptores,
1031 1531 1113 1613 quod
1133 1530 1234 1591 infan-

158 1623 221 1672 tem
241 1611 290 1674 vel
311 1612 494 1676 abluendum
513 1613 636 1677 salutari
654 1616 760 1696 fonte,
786 1613 836 1678 vel
857 1614 994 1677 ablutum
1016 1616 1181 1695 suscipiunt
1197 1614 1247 1675 ine

158 1695 224 1776 ipsa
244 1694 378 1759 brachie.
419 1697 531 1758 Graece
562 1709 607 1760 est
633 1693 695 1759 cini
723 1699 782 1760 sci
803 1695 893 1777 ἁγίου
913 1696 1111 1780 φωτίσμαως
1132 1687 1235 1757 adsis·

156 1777 397 1854 ἀναδεξαμένου.
439 1780 530 1858 Quod
552 1782 652 1841 Latini
676 1780 799 1857 dicunt,
821 1800 894 1843 voce
914 1781 1063 1841 sGraenn
1076 1780 1159 1841 fonte
1181 1800 1232 1841 cs-

156 1860 265 1937 dente,
287 1861 468 1942 baptizaris
509 1860 714 1941 απτίζεσθαι,
736 1861 769 1923 id
788 1864 896 1924 Greed
913 1873 1065 1945 praetem
1088 1861 1154 1923 aliis
1176 1863 1233 1923 tri·

155 1942 214 2003 bus
234 1941 382 2015 efferunt,
405 1863 618 2025 partiendae,
640 1943 890 2027 σφραγίζεσθαι,
913 1943 1144 2024 undus'pacdas,
1161 1945 1235 2007 illu-

154 2026 283 2100 mimri,
305 2022 478 2107 obsikuam,
494 2030 634 2110 purgari.
674 2028 761 2106 Quae
780 2038 903 2106 tamen,
924 2027 949 2089 si
969 2026 1131 2089 verborum
1151 2029 1233 2110 ips*

154 2128 224 2168 sum
250 2111 313 2168 vim
342 2120 372 2170 et
402 2128 524 2170 sensum
550 2108 679 2172 velimus
709 2113 893 2193 exprimere,
928 2108 992 2171 nnn
1015 2112 1057 2171 sic
1079 2108 1233 2174 reddenda

154 2199 245 2264 sunt,
267 2191 320 2252 sed
351 2189 500 2274 baptismo
520 2192 623 2265 ablui,
660 2213 747 2254 sacro
766 2191 850 2254 fonte
869 2193 970 2275 tingi,
1001 2191 1125 2254 salutau

154 2272 312 2355 pertundi,
343 2294 427 2335 sacro
457 2294 527 2336 rore
555 2277 650 2357 tingi,
687 2273 807 2335 coelesti
838 2274 922 2336 fonte
951 2272 1096 2347 lustrari,
1116 2284 1149 2335 et
1183 2276 1233 2337 ¹*ils

155 2356 361 2500 ’ἰᾶἳέωὲἔέἓὲ
373 2354 1231 2523 aiffd¹2t0q¹iiralmi²ssiiaii⁰l¹iioii⁰liiiiii}

127 2566 133 2581 .
157 2531 187 2580 et
212 2521 244 2581 in
273 2522 354 2583 diem
383 2522 572 2604 Epiphaniae
594 2526 625 2585 iu
644 2524 752 2584 Latina
773 2521 897 2584 ecelesia
919 2522 1045 2602 incidit,
1067 2543 1086 2585 a
1107 2524 1234 2586 Graecis

155 2604 292 2686 patribus
320 2597 434 2688 poitur
456 2598 562 2686 ἡμέρα
586 2606 778 2684 nominatur,
796 2605 860 2666 dies
888 2605 1055 2668 luminum·
1079 2606 1233 2689 siquidem

158 2681 325 2768 φωτισμὸν
351 2680 421 2748 ἀντὶ
448 2687 660 2767 βαπτίσματος
685 2688 857 2771 frequenter
887 2690 1047 2770 accipiunt.
1087 2690 1135 2750 lta
1155 2692 1233 2752 Gre-

47 2786 50 2791 ’
157 2771 259 2866 gqrius
283 2769 488 2832 Nazianzenus
507 2772 673 2833 orationem
702 2793 738 2832 eo
759 2770 808 2832 die
838 2769 973 2831 habitam
1005 2771 1154 2855 inscripsit
1186 2772 1232 2845 εἰς

155 2872 198 2910 τα
224 2844 301 2931 ἅγια
313 2851 415 2934 φῶτα.
437 2854 500 2932 Qui
520 2876 590 2936 ergo
610 2854 719 2915 festum
738 2853 890 2914 luminum
907 2854 989 2935 apud
1014 2855 1144 2915 Graecos
1168 2875 1233 2916 esse

155 2932 267 2995 festum
288 2935 503 3016 purificationis
524 2937 639 2998 Mariae
658 2937 782 3012 volunt,
812 2934 972 2999 falluntur.
1020 2936 1103 2999 Fons
1130 2944 1233 2999 autem

146 3016 188 3095 ,in
207 3017 353 3096 basilicis,
368 3030 402 3081 ut
421 3018 538 3081 notavit
559 3021 728 3082 Brissonius
748 3021 963 3082 commentario
982 3018 1021 3080 de
1039 3019 1121 3081 ieriis
1140 3019 1232 3081 Chri-

155 3102 278 3180 stianis,
297 3104 420 3185 proprio
441 3113 472 3163 et
491 3104 630 3185 baptismi
650 3103 749 3165 officio
769 3101 935 3183 specialiter
956 3101 1056 3164 dicato
1078 3103 1146 3164 locu
1158 3125 1232 3166 cnu-

155 3183 353 3259 eludebatur,
384 3187 470 3246 cuius
499 3185 731 3273 appellationem
761 3186 862 3247 Latini
891 3185 1054 3247 verborum
1080 3187 1183 3269 inopes
1211 3206 1232 3247 a

155 3269 277 3329 Graecis
314 3266 539 3348 mendicantes,
573 3269 675 3331 locum
704 3291 773 3331 eum
806 3269 1015 3351 baptisterium
1042 3280 1231 3351 nuncupant.

155 3351 263 3412 Graeci
283 3372 372 3414 suum
392 3350 467 3414 illud
496 3353 612 3414 Latinis
631 3353 854 3414 commodatum
879 3353 1007 3414 verbum
1027 3353 1233 3433 intempestive

153 3445 287 3514 repetere
308 3434 469 3515 uolentes,
495 3426 710 3518 ’φωτιστήριον
729 3436 855 3509 dicunt,
875 3434 1055 3497 Ambiusias
1074 3455 1232 3517 regonem

153 3519 240 3576 conis
255 3520 436 3580 sacras-siim.
475 3519 520 3580 Et
536 3540 642 3581 recens
661 3518 803 3602 baptizati
821 3529 888 3580 tam
907 3514 1074 3602 scripuras,
1094 3529 1161 3579 tum
1177 3535 1229 3580 rs-

155 3597 326 3681 σφω’τιστοι
346 3601 584 3684 appellabantur.
603 3623 734 3665 ananan.

235 3683 314 3766 Pag.
341 3705 389 3767 19,
418 3704 443 3744 r.
488 3678 524 3745 ὃν
536 3684 643 3763 μέλλει
662 3685 708 3767 τῷ
723 3682 780 3766 τῆς
797 3680 982 3765 ἅλουργίδος
1001 3670 1093 3743 ἄνθει
1112 3673 1229 3763 smpi-

151 3782 230 3825 σειν.
251 3768 344 3864 Quem
364 3781 522 3829 omatunu
540 3782 583 3829 est
601 3780 706 3828 ornatu
718 3786 888 3850 purpurae3
903 3756 1000 3836 ἄνθος
1015 3768 1128 3847 quippe
1139 3767 1231 3827 etiarn

151 3868 188 3906 ea
210 3858 333 3912 notione
352 3862 421 3924 est,
443 3872 504 3933 qua
525 3847 661 3927 κόσμοςς
682 3850 735 3910 sed
753 3849 992 3930 parspupsasic,
1024 3859 1059 3909 ut
1086 3851 1231 3911 Latinum

151 3927 217 4004 llos,
239 3953 325 4014 saepe
345 3933 456 4009 decus,
479 3931 507 3994 el
543 3935 674 4008 sutiam,
686 3931 941 4035 pulchritudinem
964 3942 994 3993 et
1014 3943 1227 3995 ornamentum

150 4010 303 4110 quoddam
322 4016 478 4099 significat.
507 3954 565 4077 §lt
583 4027 663 4078 certe
681 4016 775 4076 ανθει
796 4015 846 4077 bic
874 4017 972 4098 potins
993 4016 1092 4112 ipsum
1114 4007 1231 4087 uittae

148 4094 210 4154 τοῦ
233 4097 413 4177 pauperae,
442 4104 592 4162 tincturae
618 4101 681 4160 sive
703 4098 813 4161 coloris
839 4118 1017 4184 purpureum
1038 4100 1166 4162 nitorem
1189 4115 1225 4157 ac

149 4191 337 4246 venustatem
356 4186 507 4267 quandam
528 4182 671 4249 declarat.
716 4203 846 4246 annuas.
901 4254 911 4269 Δ
994 4249 998 4263 ,
