2900 4676
395 343 451 408 ln
483 343 760 410 cnurlcuzuur
790 346 867 408 un.
900 348 956 408 ru.
1132 316 1212 435 517

139 498 264 580 sponsis.
304 496 466 560 Dabuntur
487 510 589 561 autem
617 497 793 581 plerumque
813 497 936 559 ennesii:
958 507 990 559 et
1012 495 1124 559 dieitur
1142 521 1215 582 pro-

138 582 239 642 nubus
258 581 406 654 annulus,
439 603 500 664 quo
525 586 574 643 vir
600 598 739 663 sponsam
769 603 821 642 seu
846 601 969 641 uxorem
1001 581 1059 642 sibi
1082 583 1215 644 futuram

141 664 875 830 tttttt‘itt‘ittttt,tttt‘ltntt
895 663 1218 830 ltnlffltttt'tt

143 831 241 891 rietus
260 832 473 913 parsimoniam
497 831 685 915 ungulasque
705 850 804 893 mores
825 830 1010 912 designans·
1032 831 1129 893 Testis
1154 832 1220 892 Pli-

141 916 213 974 aius
231 913 284 980 lib.
306 914 356 974 33.
374 934 440 996 cap.
465 935 490 980 ι.
531 915 637 977 Fuisse
656 914 820 997 aliqnando
838 932 983 986 aureum,
1014 913 1118 974 scribit
1139 915 1219 975 Ter·

141 995 285 1058 tullianus
306 997 337 1056 iu
357 996 514 1079 Apologet.
539 1018 601 1079 esp.
624 998 657 1059 6.
682 998 731 1059 his
748 997 870 1059 verbis:
902 996 1018 1057 Areum
1040 996 1079 1057 de
1104 1012 1218 1059 maue-

141 1081 187 1138 m's
198 1080 282 1141 nulle
300 1093 397 1154 norat,
418 1094 541 1164 praeter·
557 1084 645 1141 unico
657 1080 761 1163 digito,
782 1100 872 1166 quem
890 1100 1012 1163 speruus
1024 1082 1219 1165 opprgrrems·

140 1175 183 1221 set
209 1163 347 1245 pronubo
370 1164 490 1226 merulo.
531 1165 647 1224 Verum
666 1166 723 1224 ista
747 1159 895 1242 muttum
924 1163 1015 1223 fuisse
1051 1184 1142 1223 aurea
1168 1174 1222 1224 eut

142 1256 283 1327 argentea
314 1254 344 1304 et
365 1247 513 1323 inaurata,
535 1268 596 1307 non
617 1257 662 1308 est
683 1248 828 1308 dubium:
861 1248 926 1306 sive
945 1244 1129 1320 cruciculae,
1157 1247 1222 1307 sive

144 1348 281 1408 gemmae
307 1348 384 1389 auro
409 1341 573 1410 argentove
600 1330 750 1408 inclusae,
780 1330 843 1391 sive
869 1328 943 1410 quid
973 1326 1069 1389 aliud·
1086 1329 1220 1391 fuerint:

142 1430 215 1470 sene
234 1431 345 1470 munus
368 1413 465 1494 magis
484 1416 691 1495 eonspieuurn,
713 1432 805 1495 quam
827 1410 967 1475 annulus.
987 1432 1117 1475 ronrlr.
1180 1458 1186 1479 ,

227 1494 438 1577 Pag.116‚9.
462 1495 792 1556 incalliditate.
833 1487 958 1567 σύνεσις
977 1505 1023 1555 est
1042 1497 1075 1554 in
1095 1496 1223 1573 Graeco,

146 1596 239 1658 quem
263 1576 313 1637 hie
334 1598 395 1637 non
410 1577 623 1659 prudentiam,
646 1578 699 1639 sed
721 1578 918 1639 calliditatem
937 1588 968 1637 et
982 1591 1076 1637 usuum
1096 1578 1225 1638 reddere

146 1668 276 1741 oportet,
297 1663 443 1721 sententia
466 1663 508 1723 ita
529 1666 710 1743 requirente.
745 1662 820 1721 Nem
839 1660 999 1741 prudentia
1017 1680 1080 1721 uon
1103 1660 1224 1742 decipit,

147 1764 203 1803 nee
226 1742 372 1804 machinis
392 1746 500 1805 utitur.
535 1744 690 1805 calliditas
714 1756 815 1805 antem
834 1745 898 1804 sive
917 1754 998 1803 astus
1031 1743 1225 1824 prudentiam

146 1846 209 1885 non
229 1846 327 1905 secus,
348 1848 442 1908 quam
461 1826 521 1887 alia
541 1829 613 1895 vitia
635 1825 709 1887 elias
729 1829 867 1902 virtutes,
888 1827 1037 1886 imitetur.
1059 1846 1191 1893 ronrar.

229 1909 312 1989 Peg.
332 1913 399 1983 118,
421 1910 554 1969 renti
569 1923 757 1969 terrarum
781 1909 919 1987 agatis.
960 1909 1026 1968 Aut
1048 1909 1079 1967 in
1100 1908 1223 1970 exilium

147 1993 388 2066 remotissimum,
410 2013 430 2055 a
449 2012 558 2074 magno
578 1992 742 2053 domestico
761 1995 894 2068 missurn,
917 2002 971 2051 aut
1001 1992 1032 2050 in
1051 1991 1229 2052 obscurissi-

146 2094 231 2134 mum
253 2073 582 2156 profundissimumque
605 2094 781 2152 carcerem,
823 2073 892 2134 loeo
911 2075 1014 2155 ignote
1033 2094 1086 2133 eos
1105 2085 1229 2134 oentrrn

145 2177 214 2218 sum
235 2160 271 2216 iri
293 2158 442 2218 insinuate
461 2168 569 2218 neutro
592 2160 674 2217 errim
696 2158 787 2217 modo
806 2158 911 2230 scient,
932 2156 985 2215 ubi
1006 2156 1076 2217 sint.
1096 2177 1229 2218 ronrsn.

228 2239 308 2320 Peg.
328 2261 393 2318 roo,
404 2261 437 2323 9.
462 2233 625 2318 s’yudinter
644 2241 706 2301 seir
720 2234 823 2318 ἱερῶν.
860 2237 993 2316 Bullam,
1016 2241 1049 2298 in
1070 2260 1161 2322 quam
1179 2262 1228 2301 sa·

145 2343 215 2383 eree
236 2321 372 2383 inclusae
390 2332 461 2383 sunt
482 2320 637 2403 reliquiae,
660 2321 786 2404 intelligi
807 2343 894 2403 posse
913 2324 1031 2403 opinor.
1065 2322 1149 2382 inira
1171 2324 1229 2383 ‹io-

147 2415 202 2466 nat
221 2404 305 2465 bulla
328 2405 530 2485 Apoeauehut
550 2407 639 2466 etiam
661 2406 802 2465 Arteturn
823 2407 971 2485 Zempeae
991 2402 1098 2465 filium.
1118 2408 1230 2486 Aptius

146 2499 249 2549 autern
271 2487 322 2547 hio
339 2489 469 2548 verbnm
493 2490 644 2549 Graecum
663 2509 737 2548 voce
760 2488 815 2548 hee
836 2489 938 2566 breite,
967 2508 1059 2570 quem
1079 2488 1229 2550 vocabulo

148 2572 270 2633 morulis
290 2573 488 2652 exprimitur,
517 2573 632 2632 etiarnsi
653 2573 774 2653 proprie
795 2569 879 2631 bulis
902 2571 1025 2632 fortasse
1045 2590 1106 2631 nou
1129 2571 1231 2633 suerit.
1262 2584 1265 2590 '

148 2655 250 2716 Porro
268 2653 417 2730 Romani,
449 2653 533 2735 quod
552 2675 587 2714 ex
612 2652 776 2715 Plutereho
810 2665 840 2714 et
861 2652 1016 2715 Meerobio
1045 2665 1077 2714 et
1101 2654 1233 2715 Asconio

147 2738 182 2798 in
205 2738 233 2798 3.
254 2737 375 2798 Verrio.
397 2735 566 2798 Alexander
599 2737 812 2820 Neapolitanus
835 2737 975 2798 observat
1006 2737 1089 2797 libro
1110 2758 1139 2801 2.
1160 2759 1228 2819 eap.

146 2817 296 2897 aenum
316 2841 392 2901 puer
411 2819 538 2902 paulurn
559 2831 656 2880 aetate
675 2823 875 2903 processisset,
895 2830 1048 2901 praetexta
1067 2817 1155 2881 illum
1174 2821 1232 2880 dn·

144 2902 265 2964 nabunt
284 2913 314 2963 et
332 2903 424 2968 hulla.
464 2901 512 2963 Ea
531 2913 596 2964 erat
617 2923 719 2980 aurea,
742 2905 859 2984 insigne
888 2901 1076 2981 nobilitatis,
1103 2903 1232 2985 liguram

146 2985 254 3048 cordis
272 2983 400 3065 habens,
418 2996 453 3046 ut
473 2988 635 3069 signarent,
658 3008 724 3047 eam
743 2997 873 3046 aetatem
892 2984 1017 3046 alterius
1037 2985 1162 3046 consilio
1182 3007 1233 3047 re—

145 3068 289 3155 gendam.
330 3070 394 3130 Her
416 3069 545 3129 Romani
565 3071 651 3151 pueri
669 3069 795 3130 honeste
813 3069 904 3152 geniti
916 3080 947 3129 et
967 3067 1130 3130 liberaliter
1156 3069 1232 3129 edu·

144 3155 212 3216 eati
235 3153 353 3233 patricii
377 3162 430 3213 aut
450 3152 572 3213 illorum
594 3152 647 3233 qui
672 3156 850 3214 meruissent
870 3151 924 3212 lilii
945 3163 1048 3234 posteo
1070 3155 1117 3212 usi
1137 3151 1232 3216 luere.

143 3235 280 3314 Monile,
299 3236 324 3295 si
345 3256 400 3317 pro
422 3237 468 3296 rie
487 3234 572 3319 loqui
586 3235 724 3311 velimus,
743 3247 790 3297 est
809 3246 934 3299 ornatus
954 3234 1128 3308 muliebris,
1155 3257 1233 3318 qua·

144 3320 211 3381 lem
239 3318 381 3379 habuisse
401 3257 572 3405 ilriphyleo
599 3317 724 3381 fabulae
746 3319 856 3380 semet.
897 3318 944 3379 Ex
969 3339 1007 3379 eo
1034 3321 1125 3379 etiam
1146 3321 1233 3401 equis

144 3401 511 3550 gsseiumdffhiffi
540 3411 781 3478 ornamentum,
820 3400 935 3463 neuile
961 3400 1138 3486 appellatur.
1180 3402 1232 3464 Sin

246 3506 272 3550 s.
328 3505 348 3543 a
483 3504 645 3553 ,renum
1230 3522 1232 3525 ·

234 3567 312 3650 Pap.
333 3568 401 3649 137,
417 3589 449 3651 7.
480 3567 677 3655 quosdam
705 3580 867 3649 rpentes
906 3566 997 3629 Subit
1017 3570 1119 3628 enimn
1141 3586 1232 3650 prue-

151 3648 273 3711 elerum
294 3647 421 3711 illudet
446 3650 518 3712 huie
538 3650 636 3713 simile
648 3651 797 3715 Catilinae
814 3648 1001 3731 satellitium,
1023 3650 1063 3711 de
1082 3671 1147 3735 quo
1163 3648 1234 3711 Sal·

151 3733 350 3815 lustiuseap.
375 3733 422 3809 14.
444 3754 574 3795 rurrsn.
712 3786 713 3791 ,

239 3814 315 3898 Peg.
335 3814 449 3893 rsus
470 3811 588 3878 mildo
610 3807 824 3892 διαυεμὸντες,
859 3818 1014 3902 penulam
1032 3830 1166 3879 secantes
1192 3816 1234 3878 ad

152 3897 296 3963 verbum.
335 3898 498 3980 Euripides
525 3898 719 3975 Phoenissis,
749 3889 767 3958 ὅ
793 3898 851 3980 τὴν
874 3900 908 3962 dr
936 3888 1065 3981 οἴστροις
1097 3897 1236 3981 οὐρανοῦ

149 3980 277 4059 τέμνων
295 3975 382 4044 ὁδόν.
402 3982 580 4064 Posidippus
600 3986 632 4042 in
652 3983 846 4064 epigramm
865 3981 959 4063 ποίην
973 4002 1021 4055 τις
1041 3977 1162 4058 βιότοιο
1176 3975 1236 4042 rei-

148 4083 213 4213 pqqs
232 4062 483 4209 wlssovss'iwffl
504 4065 536 4128 6.
560 4065 707 4130 Aeneide
730 4066 795 4164 itte·
806 4068 892 4126 viam
906 4066 1040 4127 secatud
1053 4064 1234 4211 paveoqkwhitt

165 4165 387 4209 r.aa.:e
478 4170 635 4228 no,u1
701 4164 960 4226 uevramsecat,
1017 4169 1100 4211 mmo
1222 4189 1234 4208 .

148 4231 241 4294 Dixit
261 4241 291 4293 et
312 4230 443 4294 scindere
455 4233 544 4296 viam
558 4171 645 4294 idem
700 4252 766 4295 aro.
784 4252 914 4297 rorrsr.
977 4171 1018 4233 ag
