2978 4678
232 263 316 354 388
561 296 565 315 ¹
613 286 924 354 inrorarronrs

6 476 8 487 ·
122 492 126 497 ,
235 441 331 503 lethe
340 438 426 523 palus
435 441 601 503 infernmum
611 442 651 502 ab
662 439 812 503 oblivione
823 439 1201 525 nominatn,quodmortui
1212 447 1311 505 omui·

235 548 287 586 um
308 546 409 585 rerum
427 524 518 585 huius
548 528 627 599 vitae
654 522 880 585 obliviscantur.
921 526 1004 601 Quin
1028 537 1129 587 autem
1150 525 1310 589 historicus

234 609 354 684 iterum,
377 606 508 681 uraithi,
529 610 644 688 poetice
662 605 821 688 loquatur,
842 605 942 668 nullus
962 607 1088 669 dubito:
1118 619 1149 671 et
1167 620 1213 670 est
1234 608 1307 671 haec

232 711 354 773 quoque
372 710 433 750 une
453 690 593 750 historiae
617 691 794 771 proprietas,
820 690 865 749 uti
885 692 1008 770 poeticis
1027 689 1170 772 loquendi
1191 694 1308 774 generi·

232 775 308 835 bris:
335 776 450 856 inquo
479 773 557 855 apud
592 774 716 834 Latinos
743 775 921 853 conspicuus
953 785 997 835 est
1021 775 1135 835 Livius.
1178 775 1307 836 Ovidius
1349 774 1353 783 ’

233 857 265 916 in
291 856 390 919 luta:
417 856 462 917 Et
485 868 536 916 tun
553 856 673 915 lethaeis
699 867 766 915 ueta
787 854 933 916 dabrmtrtr
956 857 1053 940 aquis.
1090 856 1133 917 Et
1163 879 1189 918 r.
1212 857 1306 919 Trist.

211 938 308 1020 eleg.
329 961 381 1023 p:
425 940 570 998 Grnctnne
593 940 626 998 r'rr
642 959 798 1023 aequoreos
819 938 956 999 abiemnt
978 941 1066 1001 irrita
1079 944 1202 1003 ventor?
1229 939 1309 1002 Cirr*

234 1037 317 1084 etone
336 1022 458 1081 lethaeis
476 1022 730 1099 mersaseruntur
789 1022 862 1081 urs?
888 1040 1020 1082 sorren.
1306 1073 1312 1087 .

316 1105 394 1185 Peg.
413 1105 466 1180 33,
493 1124 540 1168 12.
563 1097 643 1182 ἐμὴν
663 1124 725 1164 om.
783 1151 791 1166 .
812 1113 842 1164 et
862 1113 931 1183 post
949 1103 1046 1183 μέχρι
1060 1100 1130 1170 add.
1153 1100 1217 1171 sul.

313 1188 391 1268 Peg.
413 1186 466 1262 33,
489 1207 535 1269 sp.
557 1205 637 1245 cum
666 1187 753 1270 ipre
781 1207 938 1271 quoque,
970 1209 990 1247 α
1009 1207 1144 1269 magno
1173 1190 1308 1271 imper.

234 1270 388 1352 Agapetus
403 1269 545 1330 diaconus
558 1267 596 1327 ad
607 1270 803 1329 lustininnum
812 1271 1021 1349 imperatorem
1030 1268 1133 1332 libello
1144 1269 1309 1350 pulcherri-

234 1375 296 1425 mo,
310 1374 370 1435 quo
386 1353 595 1433 imperatorem
610 1355 773 1434 praeceptis
790 1351 911 1413 format:
933 1348 1116 1434 συγγνώμην
1128 1350 1309 1430 αἰτούμενος

237 1427 485 1515 ἁμαρτημάτων,
507 1431 695 1512 συγγίνωσκε
711 1428 767 1494 καί
784 1428 882 1505 αὐτὸς
905 1439 969 1506 τοῖς
990 1435 1035 1509 εἰς
1052 1436 1089 1498 σὲ
1108 1435 1308 1516 πλημμελοῦ-

234 1538 308 1592 σιν,
330 1510 378 1578 ὅτι
397 1508 511 1596 ἀφέσει
532 1514 724 1577 drrtdt‘dornt
737 1504 852 1598 ἄφεσις
876 1516 931 1577 καί
952 1518 992 1596 τῆ
1018 1512 1097 1599 πρὸς
1117 1512 1310 1596 ὄμοιξούλοας

233 1597 324 1680 ἡμῶν
344 1597 521 1682 καταλλαγῇ
545 1591 565 1678 ἦ
589 1595 669 1679 πρὸς
697 1594 774 1660 θεὸν
801 1599 893 1682 φιλία
927 1579 982 1660 sol
1007 1600 1169 1672 οἰκειλασις.
1209 1600 1310 1662 Simili

234 1684 380 1743 sententia
400 1701 490 1741 usum
509 1683 613 1741 inveni
637 1681 676 1744 D.
705 1681 909 1763 Epiphanium
946 1683 985 1742 ad
1014 1684 1181 1747 Eudociam
1202 1678 1309 1766 Augu·

233 1777 328 1841 stam,
363 1762 487 1824 Arcadii
513 1766 689 1845 coniugem,
716 1786 787 1825 cum
807 1764 860 1825 illa
881 1764 920 1825 de
940 1765 1057 1827 iniuriis
1077 1768 1134 1828 sihi
1156 1789 1175 1827 a
1195 1765 1309 1827 Ioanne

235 1847 451 1928 Chrysostomo
473 1844 565 1906 illatis
585 1846 682 1907 eidem
705 1858 952 1928 conquereretur,
974 1860 1009 1910 ut
1028 1860 1073 1910 est
1092 1848 1190 1932 legere
1203 1851 1235 1909 in
1247 1852 1309 1911 rita

237 1930 369 1991 eiusdem
391 1928 595 2012 chrysostomi
623 1930 703 2012 apud
723 1932 958 2012 Metaphrasten.
991 1952 1122 1997 sorren.

316 2010 455 2092 Pagae,
470 2031 495 2076 r.
515 2031 677 2093 magnus
696 2014 858 2081 domest.
879 2036 897 2074 e
921 2015 1091 2076 Tlrracr'a
1110 2035 1307 2076 revererer.

237 2095 319 2157 Haec
330 2092 389 2155 alia
399 2092 574 2155 deliberatio
586 2105 640 2161 est.
664 2093 720 2157 illa
734 2100 817 2176 prior
828 2099 907 2158 inter
920 2097 1115 2161 domesticum
1127 2108 1158 2161 et
1168 2099 1309 2180 Syrgian·

235 2178 361 2239 nemin
394 2176 524 2237 Thracia
549 2178 624 2239 fuit:
659 2180 734 2240 haec
760 2182 838 2241 inter
865 2180 1061 2243 domesticum
1101 2191 1131 2242 et
1162 2181 1310 2243 iuniorem

236 2261 446 2323 Andronicum
468 2262 639 2343 suscipitur.
677 2264 720 2324 Et
739 2262 931 2345 intelligimus
951 2264 1072 2325 rediisse
1094 2265 1126 2323 in
1146 2263 1313 2349 Thraciam,

236 2363 381 2425 maguum
413 2342 634 2406 domesticum
668 2346 816 2430 siquidem
849 2344 1140 2429 Constantinopolim
1172 2365 1309 2407 reuersus

237 2426 359 2487 dicitur.
392 2446 522 2492 ronrrn.
1096 2453 1100 2465 ¹

320 2508 398 2588 Pag.
421 2509 473 2586 34,
497 2529 525 2575 α.
544 2506 632 2589 παρὰ
654 2509 712 2572 τοῦ
729 2511 885 2587 βασιλέως
904 2513 947 2573 Μ.

319 2591 399 2670 Pag.
422 2591 474 2666 34,
497 2594 528 2653 3.
550 2592 789 2691 καταρχομένων
810 2597 854 2654 M.

320 2671 398 2753 Peg.
423 2672 474 2752 34,
496 2673 526 2754 4.
548 2671 603 2736 τὸν
626 2678 747 2760 pieros
766 2678 811 2744 M.
832 2698 888 2759 pro
908 2671 966 2760 τήν
984 2673 1109 2746 α’δικίαν
1143 2688 1173 2740 et
1198 2674 1253 2738 lio.
1278 2674 1310 2739 5.

240 2745 418 2830 ὅπλῖζοντος
440 2766 470 2817 et
483 2755 581 2842 αὐτῷ.

322 2836 400 2919 Pag.
424 2838 476 2918 34,
499 2861 548 2907 nr.
568 2832 640 2903 oi'or'
662 2834 747 2921 ἔχειν
766 2843 811 2905 Μ.

321 2920 400 3002 Pag.
423 2921 477 2999 35,
503 2944 549 3008 ¹7·
575 2924 757 3006 Τριβαλλῶν
782 2928 824 2988 Μ.

318 3004 402 3085 Pag.
427 3003 475 3082 35,
499 3027 545 3088 17.
568 3027 591 3066 α
616 3008 746 3068 Crale.
777 3009 894 3070 Nomen
926 3004 1057 3090 Κρᾶλης
1092 3024 1193 3093 regern
1225 3017 1313 3070 sonat

239 3086 404 3169 Hungaris,
426 3084 573 3169 Balgaris,
591 3090 654 3150 sive
667 3089 789 3164 Seruis,
802 3091 1011 3168 sclavonibus,
1032 3095 1159 3171 Boemis‚
1178 3090 1312 3167 Poloois,

238 3188 257 3229 a
277 3167 392 3248 Kiral‚
412 3179 443 3229 et
461 3173 664 3234 contractione
683 3171 769 3238 Kral.
792 3175 867 3236 inde
887 3179 1034 3256 positione
1058 3176 1172 3251 Graeca
1201 3176 1318 3235 factum

238 3247 371 3334 Κράλης
390 3272 409 3311 a
428 3264 530 3313 nostro
548 3254 703 3334 historico,
726 3268 757 3317 et
774 3257 920 3320 muliebre
938 3255 1117 3340 Κράλαινα.
1143 3279 1271 3322 ronru.

322 3333 400 3413 Pag.
421 3334 473 3411 35,
494 3355 543 3397 ao.
562 3332 654 3421 0'21‘7‘111
677 3338 720 3404 Μ.

319 3416 401 3496 Pag.
422 3417 473 3492 36,
496 3416 526 3477 5.
547 3412 710 3498 παράσχοι
731 3421 775 3493 M.

321 3496 398 3580 Pag.
422 3498 473 3573 36,
495 3521 527 3583 9,
549 3498 657 3572 adroic
676 3500 719 3566 M.

322 3579 402 3662 Pag.
422 3581 472 3659 36,
495 3581 542 3644 ι6.
562 3575 672 3680 τέχναν
691 3588 735 3651 Μ.
756 3606 817 3670 mg.
837 3609 894 3671 pro
913 3586 1055 3689 τάχιστα.

318 3661 396 3745 Peg.
422 3665 471 3742 36,
497 3686 541 3749 ¹7·
564 3686 667 3746 ωσπερ
698 3665 830 3748 ἕρμαιον
862 3670 1063 3754 ἧχησορενος.
1103 3673 1237 3756 ἕρμαιον
1263 3673 1313 3736 di·

239 3747 318 3807 citur
340 3746 501 3828 proluere
531 3750 693 3831 insperanti
714 3752 850 3831 obiecto,
881 3778 934 3817 seu
964 3758 1120 3841 inopinato
1146 3770 1177 3819 et
1195 3758 1313 3820 adven-

182 3854 186 3859 ·
237 3830 305 3889 titio
319 3843 393 3930 “¹¹3
418 3852 488 3892 cum
507 3833 575 3912 quis
598 3834 630 3892 in
658 3835 764 3897 itinere
792 3836 906 3920 aliquid
925 3840 1051 3902 fortuito
1070 3844 1197 3920 invenit,
1229 3841 1313 3924 quod

238 3914 330 3972 etiam
356 3933 479 3993 ευρημα
508 3927 668 3996 propterea
699 3919 883 4001 appellatur,
909 3926 995 4004 quasi
1015 3924 1124 4002 dicas.
1144 3929 1312 3991 inventum.

240 3996 321 4056 Hinc
340 3996 488 4078 quidquid
508 3997 580 4058 boni
609 3999 696 4061 nobis
722 4004 891 4085 contingit.
924 4010 1140 4088 (praesertim,
1177 4010 1203 4069 si
1222 4006 1321 4089 prae?

238 4089 286 4139 ter
310 4081 481 4160 opinionem
508 4091 600 4162 etque
629 4081 750 4163 spem.)
774 4085 804 4145 id
835 4084 965 4166 ἕρμαιον
995 4099 1132 4153 vocatur.
1174 4090 1313 4150 Budaeus

240 4161 406 4223 aPlatoue
435 4162 467 4223 iu
490 4160 653 4226 Phaedone
679 4169 752 4248 poni
779 4169 821 4229 nit
841 4190 896 4250 pro
917 4170 997 4233 bono
1025 4175 1247 4257 inexspectato,
1275 4192 1312 4233 ac
