2978 4678
413 285 469 349 an
497 283 775 351 cirricuzrrr
810 282 884 350 rra.
914 291 940 350 1.
1136 264 1221 376 429

146 452 178 501 ut
195 438 248 524 qui
267 441 474 502 mammam
494 437 710 522 adiectaeque
725 440 888 499 materiam
907 435 971 498 Dei
983 440 1115 519 neugma·
1122 461 1220 525 pree-

132 524 256 602 fercnt.
295 521 413 606 Siquis
435 536 536 583 autem
557 521 747 605 deprehensio
749 521 861 600 fuerit,
881 522 1114 582 inmaculatam
1136 545 1220 586 com·

144 614 310 667 mationem
331 607 374 664 eti
394 606 578 689 impartiens,
602 616 631 664 et
652 605 667 661 i
699 622 715 662 e
740 615 917 682 segregetur,
944 616 974 662 et
991 605 1084 689 isqui
1108 605 1220 684 adfict-

145 688 246 764 Quem
266 700 411 748 canonem
441 686 601 749 Balsamon
623 706 654 747 ac
676 684 742 746 otiis
772 683 924 746 illustrans
945 684 1083 747 eumdem
1102 708 1218 751 morem

144 768 254 831 firmat.
285 770 353 831 Etsi
372 769 505 847 indicat„
515 790 569 831 sua
582 777 678 829 aetate
700 765 850 849 aliquibus
864 766 1004 845 ecclesiis,
1018 769 1219 848 (Graecanicis

143 850 294 926 videlicet,
317 853 355 913 de
372 851 420 914 his
434 855 514 913 enirn
535 850 619 935 loqui
638 849 779 928 videtur,)
791 849 884 910 alium
897 870 985 911 usum
1002 849 1093 913 fuisse
1105 854 1136 912 iu
1148 874 1218 915 usu.

144 932 209 995 Nec
228 938 299 996 satis
317 934 392 995 mihi
412 945 612 1017 compertum,
638 955 675 995 an
698 944 728 994 et
746 932 836 993 hodie
855 933 960 994 eadem
982 935 1166 997 cousuetudo
1184 939 1217 999 iu
1263 971 1265 976 ·

144 1015 271 1079 Graecia
290 1030 468 1098 perseveret.
504 1017 596 1098 Apud
615 1017 738 1077 Latinos
755 1025 835 1076 certe
848 1016 945 1086 desiit,
960 1020 1125 1099 proscripta
1137 1021 1217 1081 circa

142 1108 277 1181 tempora
290 1101 467 1161 Hormisdae
480 1120 575 1182 papae
588 1099 646 1160 hoc
668 1097 786 1173 aoncilii
799 1097 1063 1180 Caesamugustaui
1078 1100 1215 1163 decreto:

141 1180 356 1244 Eucharistiae
365 1186 501 1263 gratiam
524 1185 553 1242 si
577 1182 643 1266 quis
659 1182 809 1265 probatur
822 1195 983 1265 acceptam
1006 1203 1066 1245 aon
1080 1203 1215 1245 comm·

137 1266 231 1347 puisse
251 1268 297 1362 in·
310 1267 458 1341 ecclesia,
484 1265 651 1326 anama
675 1266 714 1324 sit
738 1266 828 1362 {ape
961 1304 971 1324 .
990 1264 1081 1362 Quod
1108 1277 1214 1364 postea

141 1346 899 1514 :inusitatissimam
919 1346 1222 1493 svistrs„

142 1522 327 1573 memoresto
350 1511 493 1574 debitam.
525 1512 588 1575 Par
609 1514 689 1573 enim
710 1523 766 1591 est,
787 1524 881 1574 utres
895 1514 1030 1574 omnium
1052 1516 1214 1576 nonani-

141 1613 192 1654 ma
214 1616 277 1655 non
298 1595 356 1657 nisi
378 1596 558 1659 eonsecrutis
586 1595 725 1658 manibus
744 1597 925 1679 attingatur,
945 1594 1015 1656 lieet
1032 1596 1140 1657 Latina
1164 1616 1214 1659 ec·

141 1674 231 1739 ciesia
250 1675 366 1740 nullam
386 1677 470 1740 litam
490 1682 623 1740 Graecae
641 1678 682 1740 ob
695 1681 876 1741 annuariam
895 1678 1140 1740 consuetudinem
1152 1700 1213 1741 mo·

141 1762 230 1833 verit,
250 1773 286 1822 ut
305 1781 361 1822 nec
382 1762 497 1823 Graeca
516 1761 651 1827 Latinae.
693 1762 761 1822 Huc
781 1763 861 1821 enim
883 1760 933 1821 vel
954 1763 1082 1822 maxima
1101 1773 1214 1843 spectat

140 1841 296 1921 praeclara
317 1842 368 1904 iiia
388 1844 451 1904 divi
470 1844 632 1918 Augustini
651 1842 828 1923 admonitio,
849 1844 935 1924 epist.
960 1843 1025 1906 118.
1044 1845 1083 1904 ad
1103 1845 1212 1907 lanua·

140 1927 244 1985 num:
279 1925 392 1986 Faciat
419 1928 619 2011 unisquisque,
648 1925 732 2010 quod
748 1926 906 1987 secundum
922 1926 1025 2011 fidem
1050 1947 1138 1988 suam
1158 1932 1219 2013 pce.

139 2006 236 2067 creda
259 2028 320 2067 erse
327 2008 527 2085 faciendum.
568 2008 681 2070 Neuter
697 2010 775 2070 εηίηι
792 2029 894 2070 comm
923 2011 1088 2070 mionomt
1107 2029 1213 2093 empus

139 2102 170 2148 et
194 2092 367 2169 sanguinem
398 2089 536 2166 Domini,
563 2093 592 2152 si
614 2090 844 2152 tumber-timum
871 2104 1095 2152 sacramentum
1115 2106 1211 2153 certu-

136 2171 191 2232 tim
208 2173 354 2233 bonorare
378 2172 572 2247 contendam
592 2174 771 2256 nequeedm
792 2174 987 2252 litigavemat
1005 2175 1083 2233 inter
1103 2195 1142 2252 se,
1158 2189 1216 2237 aaa

137 2254 294 2339 quisquam
310 2274 411 2316 eorum
428 2278 459 2317 se
478 2256 572 2316 alteri
584 2256 766 2352 praeportat
781 2255 944 2315 Zachaeus
962 2267 991 2314 et
1000 2255 1053 2315 ille
1070 2258 1210 2333 seuuemo,

136 2356 206 2398 cum
225 2337 303 2397 ader
314 2358 413 2399 corma
432 2337 565 2418 gaudens
578 2358 611 2397 m
628 2336 746 2398 danaen
760 2356 844 2396 suam
857 2336 1209 2420 uacepetitDominum,

29 2484 37 2491 ,
138 2419 219 2479 alter
230 2418 326 2493 dicit,
352 2440 411 2480 non
432 2442 496 2481 rum
514 2420 634 2501 dignas,
649 2432 681 2480 ut
695 2418 850 2480 imressab
869 2431 975 2480 tectum
999 2422 1210 2495 areum-ambo

136 2502 313 2563 εαίναιοινηι
335 2501 559 2587 imnonficantes
582 2503 703 2564 diverso
729 2514 759 2562 et
779 2502 868 2587 praeci
887 2502 1037 2563 cowario
1056 2504 1157 2565 moda

218 2583 310 2663 Quod
330 2586 437 2645 attinet
456 2584 495 2645 ad
514 2586 754 2646 communionem
776 2585 834 2647 sub
854 2594 981 2667 naumis
1000 2588 1114 2668 specie,
1135 2586 1211 2651 illud

137 2676 264 2740 constat,
290 2687 346 2728 nec
368 2668 538 2729 Graee'osa
565 2669 680 2729 Latinis
700 2667 740 2729 ob
770 2666 942 2748 duplicem,
976 2689 1031 2729 nec
1051 2670 1174 2731 Latinos
1192 2692 1213 2733 u

138 2750 260 2811 Graecis
288 2747 329 2809 ob
354 2749 520 2831 simplicem
540 2753 669 2832 speciem
692 2749 848 2811 damnatos
869 2769 947 2828 esse,
977 2751 1029 2812 sed
1048 2752 1213 2833 quamlibet

137 2832 291 2894 ecelesiam
309 2851 381 2893 suas
401 2834 531 2894 rationes
563 2843 715 2905 saeuum,
748 2832 830 2894 salva
852 2853 925 2914 pace
943 2843 974 2893 et
1003 2837 1146 2909 raritate,
1179 2835 1214 2896 id

137 2917 253 2996 egisse,
287 2915 370 2997 quod
391 2917 538 2996 optimum
567 2915 648 2977 factu
668 2914 864 2977 existimabat.
909 2916 1102 2999 Quapropter
1122 2928 1212 2998 caput

135 2995 194 3058 hoo
215 2999 336 3061 Graecis
357 3009 388 3059 et
408 2999 545 3076 Latinis,
577 2996 696 3059 tametsi
717 3001 856 3079 saepius,
888 3000 1062 3080 praesertim
1082 3003 1113 3060 in
1136 2999 1211 3061 Fio·

134 3081 253 3142 reatina
271 3080 397 3163 Synodo
418 3083 599 3162 congressis,
635 3102 790 3164 nunqnam
810 3091 845 3143 ut
866 3079 991 3141 dubium
1012 3093 1065 3145 aut
1089 3094 1210 3143 canan

134 3182 257 3224 versum
278 3165 311 3224 in
337 3163 580 3245 disceptationem
601 3165 704 3225 venit:
732 3184 810 3245 quae
835 3184 884 3225 res
913 3175 1027 3225 certum
1048 3185 1210 3247 argumen-

135 3257 200 3307 tum
220 3245 402 3328 suppeditat‚
414 3248 543 3308 Graecos
562 3266 624 3306 non
645 3267 679 3308 ea
699 3250 1110 3330 menteutramquespeoiem
1123 3269 1209 3310 usur·

135 3350 232 3410 passe,
256 3332 343 3410 quasi
365 3328 398 3392 id
416 3329 589 3411 simpliciter
610 3349 645 3390 er
666 3339 823 3411 praecepto
844 3340 875 3391 et
894 3333 1077 3412 praescripto
1097 3331 1211 3393 Christi

135 3412 232 3473 facere
251 3422 407 3494 oporteat,
429 3415 526 3493 sitque
545 3410 683 3474 absolute
703 3422 733 3472 et
753 3412 792 3472 ad
810 3414 1012 3496 integritatem
1032 3415 1211 3477 sacramenti

135 3505 167 3555 et
187 3494 225 3555 ad
244 3495 371 3557 salutern
389 3493 546 3556 hominum
569 3497 788 3556 necessarium:
810 3516 871 3577 quo
893 3494 1018 3557 consilio
1043 3495 1096 3572 ilii,
1117 3498 1210 3579 quia

136 3577 269 3639 Romana
288 3589 320 3639 et
340 3576 486 3639 catholiea
515 3575 636 3639 ecclesia
664 3577 870 3653 desciverunt,
897 3577 987 3638 hodie
1007 3577 1129 3640 calicem
1156 3601 1209 3640 ur·

135 3671 223 3740 gent:
254 3681 318 3721 uun
339 3681 411 3722 uam
430 3661 508 3721 euim
536 3659 568 3720 id
587 3661 693 3722 Graeci
725 3661 757 3720 in
780 3680 899 3721 omnem
920 3661 1105 3722 occasionem
1128 3663 1211 3724 Lati-

135 3761 193 3803 nos
212 3684 351 3824 carpendi
371 3743 460 3803 nimis
482 3762 572 3825 quam
593 3743 700 3803 intenti
726 3740 969 3803 dissimulasscnt.
1012 3744 1054 3804 Et
1073 3745 1139 3826 quis
1161 3743 1209 3807 vel

136 3824 235 3887 obiter
263 3828 293 3886 in
314 3826 498 3907 antiquitatis
528 3826 671 3886 memoria
692 3835 826 3886 versatus
847 3825 987 3907 ignorat,
1020 3847 1136 3887 morem
1158 3849 1211 3889 su·

134 3909 238 3971 maadi
258 3926 350 3970 unam
371 3910 498 3990 speciem
518 3909 749 3969 vetustissimum
764 3924 845 3968 esse:
868 3918 899 3969 et
920 3909 1013 3970 variis
1035 3907 1108 3971 loeis
1119 3911 1210 3971 modo

134 3991 230 4063 bunc,
244 3991 450 4065 modoetiam,
469 4011 550 4052 nune
561 4001 724 4072 utrumque
743 3992 885 4073 viguisse,
901 3990 971 4052 licet
983 3991 1022 4052 ab
1036 3993 1210 4074 octingentis

134 4074 225 4135 annis
237 4073 379 4135 occiduus
390 4074 471 4135 orbis
484 4076 579 4157 magis
593 4073 630 4134 ad
648 4094 739 4135 unam
751 4075 880 4155 speeiem
892 4074 1096 4154 propenderit,
1107 4077 1208 4135 novis·

133 4178 194 4240 que
215 4167 302 4241 poste
323 4156 477 4219 haereticis
497 4178 532 4219 ex
562 4155 715 4238 Wiclephi
736 4167 765 4217 et
789 4157 878 4219 Hussi
900 4151 1002 4229 schola
1027 4159 1151 4236 exortis,
1179 4169 1209 4219 et
