<?xml version="1.0" encoding="UTF-8"?>
<!DOCTYPE html PUBLIC "-//W3C//DTD XHTML 1.0 Transitional//EN"
    "http://www.w3.org/TR/xhtml1/DTD/xhtml1-transitional.dtd">
<html xmlns="http://www.w3.org/1999/xhtml" xml:lang="en" lang="en">
 <head>
  <title>
</title>
<meta http-equiv="Content-Type" content="text/html;charset=utf-8" />
  <meta name='ocr-system' content='tesseract 3.04.00' />
  <meta name='ocr-capabilities' content='ocr_page ocr_carea ocr_par ocr_line ocrx_word'/>
</head>
<body>
  <div class='ocr_page' id='page_1' title='image "./ioanniscantacuz03joangoog_0461.png"; bbox 0 0 2978 4678; ppageno 0'>
   <div class='ocr_carea' id='block_1_1' title="bbox 265 261 1327 366">
    <p class='ocr_par' dir='ltr' id='par_1_1' title="bbox 265 261 1327 366">
     <span class='ocr_line' id='line_1_1' title="bbox 265 261 1327 366; baseline 0.008 -19"><span class='ocrx_word' id='word_1_1' title='bbox 265 261 351 366; x_wconf 69' lang='lat'><strong>430</strong></span> <span class='ocrx_word' id='word_1_2' title='bbox 647 280 957 350; x_wconf 79' lang='lat' dir='ltr'><strong>surorsuouas</strong></span> <span class='ocrx_word' id='word_1_3' title='bbox 1213 313 1228 355; x_wconf 57' lang='lat' dir='ltr'><strong>s</strong></span> <span class='ocrx_word' id='word_1_4' title='bbox 1321 298 1327 309; x_wconf 92' lang='lat'><strong>·</strong></span> 
     </span>
    </p>
   </div>
   <div class='ocr_carea' id='block_1_2' title="bbox 266 432 1348 682">
    <p class='ocr_par' dir='ltr' id='par_1_2' title="bbox 266 432 1348 682">
     <span class='ocr_line' id='line_1_2' title="bbox 266 432 1347 669; baseline -0.003 -85"><span class='ocrx_word' id='word_1_5' title='bbox 266 432 1347 669; x_wconf 48' lang='lat' dir='ltr'><strong>,gu¹²¹¹&#39;‘¹‘⁰²¹⁰“¹¹¹²¹²‘³”..tutumuu¹la</strong></span> 
     </span>
     <span class='ocr_line' id='line_1_3' title="bbox 306 598 1348 682; baseline -0.002 -16"><span class='ocrx_word' id='word_1_6' title='bbox 306 617 384 666; x_wconf 84' lang='lat' dir='ltr'><strong>ntur.</strong></span> <span class='ocrx_word' id='word_1_7' title='bbox 428 605 518 682; x_wconf 86' lang='lat' dir='ltr'><strong>ane</strong></span> <span class='ocrx_word' id='word_1_8' title='bbox 541 611 723 663; x_wconf 84' lang='lat' dir='ltr'><strong>novatorum</strong></span> <span class='ocrx_word' id='word_1_9' title='bbox 740 598 902 663; x_wconf 84' lang='lat' dir='ltr'><strong>malesana</strong></span> <span class='ocrx_word' id='word_1_10' title='bbox 921 602 1074 661; x_wconf 84' lang='lat' dir='ltr'><strong>contentio</strong></span> <span class='ocrx_word' id='word_1_11' title='bbox 1088 599 1142 662; x_wconf 84' lang='lat' dir='ltr'><strong>iliu</strong></span> <span class='ocrx_word' id='word_1_12' title='bbox 1184 604 1274 664; x_wconf 84' lang='lat' dir='ltr'><strong>etism</strong></span> <span class='ocrx_word' id='word_1_13' title='bbox 1293 604 1348 664; x_wconf 83' lang='lat' dir='ltr'><strong>cs·</strong></span> 
     </span>
    </p>
   </div>
   <div class='ocr_carea' id='block_1_3' title="bbox 177 683 1347 768">
    <p class='ocr_par' dir='ltr' id='par_1_3' title="bbox 177 683 1347 768">
     <span class='ocr_line' id='line_1_4' title="bbox 177 683 1347 768; baseline -0.001 -19"><span class='ocrx_word' id='word_1_14' title='bbox 177 726 181 738; x_wconf 90' lang='lat'><strong>·</strong></span> <span class='ocrx_word' id='word_1_15' title='bbox 267 690 349 766; x_wconf 86' lang='lat' dir='ltr'><strong>iecit,</strong></span> <span class='ocrx_word' id='word_1_16' title='bbox 370 697 406 749; x_wconf 89' lang='lat' dir='ltr'><strong>ut</strong></span> <span class='ocrx_word' id='word_1_17' title='bbox 422 685 580 762; x_wconf 76' lang='lat' dir='ltr'><strong>ministris,</strong></span> <span class='ocrx_word' id='word_1_18' title='bbox 609 685 662 765; x_wconf 89' lang='lat' dir='ltr'><strong>qui</strong></span> <span class='ocrx_word' id='word_1_19' title='bbox 684 683 815 766; x_wconf 82' lang='lat' dir='ltr'><strong>pontifici</strong></span> <span class='ocrx_word' id='word_1_20' title='bbox 837 703 902 743; x_wconf 88' lang='lat' dir='ltr'><strong>rem</strong></span> <span class='ocrx_word' id='word_1_21' title='bbox 915 683 1048 744; x_wconf 87' lang='lat' dir='ltr'><strong>divinam</strong></span> <span class='ocrx_word' id='word_1_22' title='bbox 1068 683 1184 747; x_wconf 83' lang='lat' dir='ltr'><strong>solenni</strong></span> <span class='ocrx_word' id='word_1_23' title='bbox 1194 699 1347 768; x_wconf 78' lang='lat' dir='ltr'><strong>apparatu</strong></span> 
     </span>
    </p>
   </div>
   <div class='ocr_carea' id='block_1_4' title="bbox 217 766 1347 1268">
    <p class='ocr_par' dir='ltr' id='par_1_4' title="bbox 217 766 1347 1268">
     <span class='ocr_line' id='line_1_5' title="bbox 267 766 1343 851; baseline -0.004 -18"><span class='ocrx_word' id='word_1_24' title='bbox 267 773 388 834; x_wconf 79' lang='lat' dir='ltr'><strong>facienti</strong></span> <span class='ocrx_word' id='word_1_25' title='bbox 406 770 587 842; x_wconf 83' lang='lat' dir='ltr'><strong>inserviunt,</strong></span> <span class='ocrx_word' id='word_1_26' title='bbox 608 769 695 849; x_wconf 79' lang='lat' dir='ltr'><strong>punis</strong></span> <span class='ocrx_word' id='word_1_27' title='bbox 716 776 835 828; x_wconf 85' lang='lat' dir='ltr'><strong>tantum</strong></span> <span class='ocrx_word' id='word_1_28' title='bbox 857 769 967 848; x_wconf 84' lang='lat' dir='ltr'><strong>species</strong></span> <span class='ocrx_word' id='word_1_29' title='bbox 989 766 1059 826; x_wconf 86' lang='lat' dir='ltr'><strong>duta</strong></span> <span class='ocrx_word' id='word_1_30' title='bbox 1078 767 1138 847; x_wconf 88' lang='lat' dir='ltr'><strong>sit,</strong></span> <span class='ocrx_word' id='word_1_31' title='bbox 1159 768 1230 830; x_wconf 89' lang='lat' dir='ltr'><strong>licet</strong></span> <span class='ocrx_word' id='word_1_32' title='bbox 1250 767 1343 851; x_wconf 80' lang='lat' dir='ltr'><strong>longo</strong></span> 
     </span>
     <span class='ocr_line' id='line_1_6' title="bbox 266 848 1345 937; baseline -0.005 -20"><span class='ocrx_word' id='word_1_33' title='bbox 266 856 411 937; x_wconf 86' lang='lat' dir='ltr'><strong>temporis</strong></span> <span class='ocrx_word' id='word_1_34' title='bbox 433 851 631 912; x_wconf 77' lang='lat' dir='ltr'><strong>diuturnitate</strong></span> <span class='ocrx_word' id='word_1_35' title='bbox 651 853 834 911; x_wconf 83' lang='lat' dir='ltr'><strong>inveteratus</strong></span> <span class='ocrx_word' id='word_1_36' title='bbox 854 869 927 910; x_wconf 87' lang='lat' dir='ltr'><strong>usus</strong></span> <span class='ocrx_word' id='word_1_37' title='bbox 948 848 1138 928; x_wconf 67' lang='lat' dir='ltr'><strong>obtinuisset,</strong></span> <span class='ocrx_word' id='word_1_38' title='bbox 1158 862 1195 912; x_wconf 91' lang='lat' dir='ltr'><strong>ut</strong></span> <span class='ocrx_word' id='word_1_39' title='bbox 1213 863 1345 934; x_wconf 85' lang='lat' dir='ltr'><strong>utraque</strong></span> 
     </span>
     <span class='ocr_line' id='line_1_7' title="bbox 267 932 1346 1021; baseline -0.002 -22"><span class='ocrx_word' id='word_1_40' title='bbox 267 940 379 1021; x_wconf 88' lang='lat' dir='ltr'><strong>species</strong></span> <span class='ocrx_word' id='word_1_41' title='bbox 402 934 529 996; x_wconf 85' lang='lat' dir='ltr'><strong>diacono</strong></span> <span class='ocrx_word' id='word_1_42' title='bbox 552 944 582 994; x_wconf 90' lang='lat' dir='ltr'><strong>et</strong></span> <span class='ocrx_word' id='word_1_43' title='bbox 606 932 789 995; x_wconf 79' lang='lat' dir='ltr'><strong>subdiacono</strong></span> <span class='ocrx_word' id='word_1_44' title='bbox 814 933 1036 1015; x_wconf 74' lang='lat' dir='ltr'><strong>porrigeretur,</strong></span> <span class='ocrx_word' id='word_1_45' title='bbox 1068 934 1162 995; x_wconf 78' lang='lat' dir='ltr'><strong>inimo</strong></span> <span class='ocrx_word' id='word_1_46' title='bbox 1190 945 1226 995; x_wconf 91' lang='lat' dir='ltr'><strong>ut</strong></span> <span class='ocrx_word' id='word_1_47' title='bbox 1255 936 1346 997; x_wconf 79' lang='lat' dir='ltr'><strong>vide.</strong></span> 
     </span>
     <span class='ocr_line' id='line_1_8' title="bbox 267 1016 1345 1100; baseline -0.002 -20"><span class='ocrx_word' id='word_1_48' title='bbox 267 1032 329 1097; x_wconf 89' lang='lat' dir='ltr'><strong>tur,</strong></span> <span class='ocrx_word' id='word_1_49' title='bbox 350 1020 443 1081; x_wconf 84' lang='lat' dir='ltr'><strong>etiam</strong></span> <span class='ocrx_word' id='word_1_50' title='bbox 462 1016 662 1099; x_wconf 84' lang='lat' dir='ltr'><strong>imperatori,</strong></span> <span class='ocrx_word' id='word_1_51' title='bbox 681 1016 706 1076; x_wconf 88' lang='lat' dir='ltr'><strong>si</strong></span> <span class='ocrx_word' id='word_1_52' title='bbox 725 1016 854 1077; x_wconf 80' lang='lat' dir='ltr'><strong>Romam</strong></span> <span class='ocrx_word' id='word_1_53' title='bbox 873 1017 1002 1076; x_wconf 88' lang='lat' dir='ltr'><strong>venisset</strong></span> <span class='ocrx_word' id='word_1_54' title='bbox 1019 1017 1068 1076; x_wconf 84' lang='lat' dir='ltr'><strong>ina</strong></span> <span class='ocrx_word' id='word_1_55' title='bbox 1131 1018 1255 1078; x_wconf 65' lang='lat' dir='ltr'><strong>udonis</strong></span> <span class='ocrx_word' id='word_1_56' title='bbox 1273 1036 1345 1100; x_wconf 78' lang='lat' dir='ltr'><strong>gra-</strong></span> 
     </span>
     <span class='ocr_line' id='line_1_9' title="bbox 217 1096 1343 1181; baseline -0.002 -16"><span class='ocrx_word' id='word_1_57' title='bbox 217 1160 222 1177; x_wconf 77' lang='grc'>,</span> <span class='ocrx_word' id='word_1_58' title='bbox 268 1106 321 1168; x_wconf 88' lang='lat' dir='ltr'><strong>tia.</strong></span> <span class='ocrx_word' id='word_1_59' title='bbox 363 1103 466 1181; x_wconf 82' lang='lat' dir='ltr'><strong>Quare</strong></span> <span class='ocrx_word' id='word_1_60' title='bbox 485 1099 672 1181; x_wconf 73' lang='lat' dir='ltr'><strong>Augustinus</strong></span> <span class='ocrx_word' id='word_1_61' title='bbox 692 1099 841 1160; x_wconf 83' lang='lat' dir='ltr'><strong>Patricius</strong></span> <span class='ocrx_word' id='word_1_62' title='bbox 859 1098 892 1158; x_wconf 90' lang='lat' dir='ltr'><strong>in</strong></span> <span class='ocrx_word' id='word_1_63' title='bbox 913 1096 1015 1161; x_wconf 86' lang='lat' dir='ltr'><strong>libello</strong></span> <span class='ocrx_word' id='word_1_64' title='bbox 1035 1098 1074 1158; x_wconf 91' lang='lat' dir='ltr'><strong>de</strong></span> <span class='ocrx_word' id='word_1_65' title='bbox 1119 1100 1239 1160; x_wconf 81' lang='lat' dir='ltr'><strong>riderici</strong></span> <span class='ocrx_word' id='word_1_66' title='bbox 1260 1104 1343 1163; x_wconf 80' lang='lat' dir='ltr'><strong>tertii</strong></span> 
     </span>
     <span class='ocr_line' id='line_1_10' title="bbox 268 1180 1347 1268; baseline -0.003 -22"><span class='ocrx_word' id='word_1_67' title='bbox 268 1186 458 1268; x_wconf 70' lang='lat' dir='ltr'><strong>inps-atone</strong></span> <span class='ocrx_word' id='word_1_68' title='bbox 477 1184 510 1243; x_wconf 87' lang='lat' dir='ltr'><strong>iu</strong></span> <span class='ocrx_word' id='word_1_69' title='bbox 530 1182 649 1243; x_wconf 85' lang='lat' dir='ltr'><strong>Urbem</strong></span> <span class='ocrx_word' id='word_1_70' title='bbox 662 1181 793 1243; x_wconf 86' lang='lat' dir='ltr'><strong>adventu</strong></span> <span class='ocrx_word' id='word_1_71' title='bbox 814 1186 915 1263; x_wconf 81' lang='lat' dir='ltr'><strong>(quem</strong></span> <span class='ocrx_word' id='word_1_72' title='bbox 934 1183 1006 1242; x_wconf 85' lang='lat' dir='ltr'><strong>citat</strong></span> <span class='ocrx_word' id='word_1_73' title='bbox 1024 1180 1202 1243; x_wconf 86' lang='lat' dir='ltr'><strong>Franciscus</strong></span> <span class='ocrx_word' id='word_1_74' title='bbox 1216 1184 1347 1244; x_wconf 80' lang='lat' dir='ltr'><strong>Turrin-</strong></span> 
     </span>
    </p>
   </div>
   <div class='ocr_carea' id='block_1_5' title="bbox 274 1263 1456 1348">
    <p class='ocr_par' dir='ltr' id='par_1_5' title="bbox 274 1263 1456 1348">
     <span class='ocr_line' id='line_1_11' title="bbox 274 1263 1456 1348; baseline -0.003 -18"><span class='ocrx_word' id='word_1_75' title='bbox 274 1290 333 1330; x_wconf 89' lang='lat' dir='ltr'><strong>nus</strong></span> <span class='ocrx_word' id='word_1_76' title='bbox 352 1268 431 1329; x_wconf 90' lang='lat' dir='ltr'><strong>libro</strong></span> <span class='ocrx_word' id='word_1_77' title='bbox 451 1275 560 1328; x_wconf 81' lang='lat' dir='ltr'><strong>octavo</strong></span> <span class='ocrx_word' id='word_1_78' title='bbox 579 1264 733 1348; x_wconf 75' lang='lat' dir='ltr'><strong>apostolic.</strong></span> <span class='ocrx_word' id='word_1_79' title='bbox 773 1264 1029 1325; x_wconf 86' lang='lat' dir='ltr'><strong>Constitutionum</strong></span> <span class='ocrx_word' id='word_1_80' title='bbox 1049 1263 1213 1327; x_wconf 87' lang='lat' dir='ltr'><strong>Clementis</strong></span> <span class='ocrx_word' id='word_1_81' title='bbox 1232 1266 1347 1328; x_wconf 80' lang='lat' dir='ltr'><strong>Romu·</strong></span> <span class='ocrx_word' id='word_1_82' title='bbox 1455 1276 1456 1299; x_wconf 66' lang='lat'>¹</span> 
     </span>
    </p>
   </div>
   <div class='ocr_carea' id='block_1_6' title="bbox 270 1347 1349 1599">
    <p class='ocr_par' dir='ltr' id='par_1_6' title="bbox 270 1347 1349 1599">
     <span class='ocr_line' id='line_1_12' title="bbox 273 1347 1346 1434; baseline -0.002 -22"><span class='ocrx_word' id='word_1_83' title='bbox 273 1350 341 1434; x_wconf 87' lang='lat' dir='ltr'><strong>ni,)</strong></span> <span class='ocrx_word' id='word_1_84' title='bbox 364 1362 518 1431; x_wconf 86' lang='lat' dir='ltr'><strong>tamquam</strong></span> <span class='ocrx_word' id='word_1_85' title='bbox 540 1347 693 1411; x_wconf 84' lang='lat' dir='ltr'><strong>insolitum</strong></span> <span class='ocrx_word' id='word_1_86' title='bbox 711 1347 784 1431; x_wconf 89' lang='lat' dir='ltr'><strong>quid</strong></span> <span class='ocrx_word' id='word_1_87' title='bbox 798 1347 941 1426; x_wconf 79' lang='lat' dir='ltr'><strong>reserens,</strong></span> <span class='ocrx_word' id='word_1_88' title='bbox 962 1347 1205 1423; x_wconf 70' lang='lat' dir='ltr'><strong>Oommimuavu,</strong></span> <span class='ocrx_word' id='word_1_89' title='bbox 1232 1350 1346 1432; x_wconf 82' lang='lat' dir='ltr'><strong>iuquit,</strong></span> 
     </span>
     <span class='ocr_line' id='line_1_13' title="bbox 270 1430 1349 1517; baseline -0.002 -22"><span class='ocrx_word' id='word_1_90' title='bbox 270 1451 397 1495; x_wconf 75' lang='lat' dir='ltr'><strong>mmmm</strong></span> <span class='ocrx_word' id='word_1_91' title='bbox 407 1433 549 1517; x_wconf 63' lang='lat' dir='ltr'><strong>pontific:</strong></span> <span class='ocrx_word' id='word_1_92' title='bbox 566 1432 673 1493; x_wconf 81' lang='lat' dir='ltr'><strong>aitaris</strong></span> <span class='ocrx_word' id='word_1_93' title='bbox 688 1442 898 1492; x_wconf 75' lang='lat' dir='ltr'><strong>terminentur</strong></span> <span class='ocrx_word' id='word_1_94' title='bbox 914 1450 980 1490; x_wconf 78' lang='lat' dir='ltr'><strong>uun</strong></span> <span class='ocrx_word' id='word_1_95' title='bbox 1002 1432 1194 1508; x_wconf 61' lang='lat' dir='ltr'><strong>susurratore,</strong></span> <span class='ocrx_word' id='word_1_96' title='bbox 1218 1430 1349 1493; x_wconf 84' lang='lat' dir='ltr'><strong>diacono</strong></span> 
     </span>
     <span class='ocr_line' id='line_1_14' title="bbox 270 1512 1348 1599; baseline -0.002 -21"><span class='ocrx_word' id='word_1_97' title='bbox 270 1517 486 1578; x_wconf 82' lang='lat' dir='ltr'><strong>etsubdr&#39;uoono</strong></span> <span class='ocrx_word' id='word_1_98' title='bbox 496 1514 535 1575; x_wconf 85' lang='lat' dir='ltr'><strong>de</strong></span> <span class='ocrx_word' id='word_1_99' title='bbox 546 1536 628 1599; x_wconf 80' lang='lat' dir='ltr'><strong>pune</strong></span> <span class='ocrx_word' id='word_1_100' title='bbox 642 1527 765 1576; x_wconf 69' lang='lat' dir='ltr'><strong>mmm.</strong></span> <span class='ocrx_word' id='word_1_101' title='bbox 805 1512 856 1574; x_wconf 90' lang='lat' dir='ltr'><strong>De</strong></span> <span class='ocrx_word' id='word_1_102' title='bbox 873 1514 968 1573; x_wconf 73' lang='lat' dir='ltr'><strong>calice</strong></span> <span class='ocrx_word' id='word_1_103' title='bbox 987 1527 1085 1575; x_wconf 83' lang='lat' dir='ltr'><strong>autem</strong></span> <span class='ocrx_word' id='word_1_104' title='bbox 1101 1515 1156 1574; x_wconf 85' lang='lat' dir='ltr'><strong>etsi</strong></span> <span class='ocrx_word' id='word_1_105' title='bbox 1171 1515 1348 1576; x_wconf 76' lang='lat' dir='ltr'><strong>conusemdo</strong></span> 
     </span>
    </p>
   </div>
   <div class='ocr_carea' id='block_1_7' title="bbox 270 1596 1351 1776">
    <p class='ocr_par' dir='ltr' id='par_1_7' title="bbox 270 1596 1351 1776">
     <span class='ocr_line' id='line_1_15' title="bbox 270 1596 1348 1695; baseline 0.014 -36"><span class='ocrx_word' id='word_1_106' title='bbox 270 1612 322 1675; x_wconf 82' lang='lat' dir='ltr'><strong>est,</strong></span> <span class='ocrx_word' id='word_1_107' title='bbox 335 1600 583 1695; x_wconf 69' lang='lat' dir='ltr'><strong>communicantes</strong></span> <span class='ocrx_word' id='word_1_108' title='bbox 593 1618 659 1658; x_wconf 80' lang='lat' dir='ltr'><strong>mm</strong></span> <span class='ocrx_word' id='word_1_109' title='bbox 674 1596 813 1682; x_wconf 78' lang='lat' dir='ltr'><strong>pontifice</strong></span> <span class='ocrx_word' id='word_1_110' title='bbox 831 1598 1022 1680; x_wconf 61' lang='lat' dir='ltr'><strong>perrupere,</strong></span> <span class='ocrx_word' id='word_1_111' title='bbox 1045 1609 1176 1680; x_wconf 63' lang='lat' dir='ltr'><strong>propiet·</strong></span> <span class='ocrx_word' id='word_1_112' title='bbox 1192 1598 1348 1694; x_wconf 55' lang='lat' dir='ltr'><strong>{wim-</strong></span> 
     </span>
     <span class='ocr_line' id='line_1_16' title="bbox 271 1679 1351 1776; baseline 0.004 -38"><span class='ocrx_word' id='word_1_113' title='bbox 271 1695 330 1743; x_wconf 79' lang='lat' dir='ltr'><strong>tem</strong></span> <span class='ocrx_word' id='word_1_114' title='bbox 343 1694 441 1742; x_wconf 85' lang='lat' dir='ltr'><strong>tumen</strong></span> <span class='ocrx_word' id='word_1_115' title='bbox 453 1680 644 1741; x_wconf 79' lang='lat' dir='ltr'><strong>Hrosttamm</strong></span> <span class='ocrx_word' id='word_1_116' title='bbox 659 1693 689 1740; x_wconf 84' lang='lat' dir='ltr'><strong>et</strong></span> <span class='ocrx_word' id='word_1_117' title='bbox 702 1680 880 1740; x_wconf 82' lang='lat' dir='ltr'><strong>Boemonsm</strong></span> <span class='ocrx_word' id='word_1_118' title='bbox 899 1679 1072 1740; x_wconf 82' lang='lat' dir='ltr'><strong>damnatum</strong></span> <span class='ocrx_word' id='word_1_119' title='bbox 1086 1681 1222 1740; x_wconf 68' lang='lat' dir='ltr'><strong>immun</strong></span> <span class='ocrx_word' id='word_1_120' title='bbox 1234 1721 1244 1757; x_wconf 91' lang='lat'><strong>,</strong></span> <span class='ocrx_word' id='word_1_121' title='bbox 1254 1701 1351 1776; x_wconf 36' lang='lat' dir='ltr'><strong>&#39;quae</strong></span> 
     </span>
    </p>
   </div>
   <div class='ocr_carea' id='block_1_8' title="bbox 271 1762 1349 1943">
    <p class='ocr_par' dir='ltr' id='par_1_8' title="bbox 271 1762 1349 1943">
     <span class='ocr_line' id='line_1_17' title="bbox 271 1762 1347 1859; baseline -0.001 -35"><span class='ocrx_word' id='word_1_122' title='bbox 271 1764 377 1825; x_wconf 72' lang='lat' dir='ltr'><strong>reiicit</strong></span> <span class='ocrx_word' id='word_1_123' title='bbox 389 1776 492 1848; x_wconf 83' lang='lat' dir='ltr'><strong>potsou</strong></span> <span class='ocrx_word' id='word_1_124' title='bbox 510 1762 558 1823; x_wconf 84' lang='lat' dir='ltr'><strong>od</strong></span> <span class='ocrx_word' id='word_1_125' title='bbox 569 1764 692 1859; x_wconf 61' lang='lat' dir='ltr'><strong>marens</strong></span> <span class='ocrx_word' id='word_1_126' title='bbox 707 1762 901 1859; x_wconf 60' lang='lat' dir='ltr'><strong>massarium</strong></span> <span class='ocrx_word' id='word_1_127' title='bbox 915 1774 1021 1859; x_wconf 64' lang='lat' dir='ltr'><strong>limat,</strong></span> <span class='ocrx_word' id='word_1_128' title='bbox 1041 1775 1163 1845; x_wconf 79' lang='lat' dir='ltr'><strong>pmeter</strong></span> <span class='ocrx_word' id='word_1_129' title='bbox 1173 1763 1347 1848; x_wconf 74' lang='lat' dir='ltr'><strong>pontificem</strong></span> 
     </span>
     <span class='ocr_line' id='line_1_18' title="bbox 271 1843 1349 1943; baseline -0.003 -35"><span class='ocrx_word' id='word_1_130' title='bbox 271 1847 345 1908; x_wconf 75' lang='lat' dir='ltr'><strong>bibit</strong></span> <span class='ocrx_word' id='word_1_131' title='bbox 362 1865 456 1907; x_wconf 73' lang='lat' dir='ltr'><strong>mmo.</strong></span> <span class='ocrx_word' id='word_1_132' title='bbox 498 1845 581 1906; x_wconf 82' lang='lat' dir='ltr'><strong>Haec</strong></span> <span class='ocrx_word' id='word_1_133' title='bbox 603 1845 769 1924; x_wconf 75' lang='lat' dir='ltr'><strong>Patricius,</strong></span> <span class='ocrx_word' id='word_1_134' title='bbox 793 1865 845 1943; x_wconf 71' lang='lat'><strong>‘1⁰¹</strong></span> <span class='ocrx_word' id='word_1_135' title='bbox 865 1843 938 1905; x_wconf 78' lang='lat' dir='ltr'><strong>dicit</strong></span> <span class='ocrx_word' id='word_1_136' title='bbox 959 1864 991 1905; x_wconf 87' lang='lat' dir='ltr'><strong>se</strong></span> <span class='ocrx_word' id='word_1_137' title='bbox 1007 1846 1207 1906; x_wconf 76' lang='lat' dir='ltr'><strong>commumoni</strong></span> <span class='ocrx_word' id='word_1_138' title='bbox 1220 1846 1349 1931; x_wconf 72' lang='lat' dir='ltr'><strong>potuisi-</strong></span> 
     </span>
    </p>
   </div>
   <div class='ocr_carea' id='block_1_9' title="bbox 271 1924 1456 2010">
    <p class='ocr_par' dir='ltr' id='par_1_9' title="bbox 271 1924 1456 2010">
     <span class='ocr_line' id='line_1_19' title="bbox 271 1924 1456 2010; baseline -0.001 -20"><span class='ocrx_word' id='word_1_139' title='bbox 271 1932 316 1990; x_wconf 85' lang='lat' dir='ltr'><strong>eis</strong></span> <span class='ocrx_word' id='word_1_140' title='bbox 333 1930 511 2010; x_wconf 58' lang='lat' dir='ltr'><strong>introiisse.</strong></span> <span class='ocrx_word' id='word_1_141' title='bbox 532 1926 596 1989; x_wconf 80' lang='lat' dir='ltr'><strong>Neo</strong></span> <span class='ocrx_word' id='word_1_142' title='bbox 616 1927 704 2010; x_wconf 85' lang='lat' dir='ltr'><strong>plura</strong></span> <span class='ocrx_word' id='word_1_143' title='bbox 716 1927 755 1989; x_wconf 90' lang='lat' dir='ltr'><strong>de</strong></span> <span class='ocrx_word' id='word_1_144' title='bbox 776 1927 833 1990; x_wconf 90' lang='lat' dir='ltr'><strong>lus.</strong></span> <span class='ocrx_word' id='word_1_145' title='bbox 874 1926 932 1987; x_wconf 88' lang='lat' dir='ltr'><strong>Cui</strong></span> <span class='ocrx_word' id='word_1_146' title='bbox 951 1924 1027 1988; x_wconf 87' lang='lat' dir='ltr'><strong>haec</strong></span> <span class='ocrx_word' id='word_1_147' title='bbox 1045 1930 1116 1988; x_wconf 87' lang='lat' dir='ltr'><strong>satis</strong></span> <span class='ocrx_word' id='word_1_148' title='bbox 1137 1947 1200 1989; x_wconf 88' lang='lat' dir='ltr'><strong>non</strong></span> <span class='ocrx_word' id='word_1_149' title='bbox 1217 1940 1298 2002; x_wconf 77' lang='lat' dir='ltr'><strong>sunt,</strong></span> <span class='ocrx_word' id='word_1_150' title='bbox 1320 1930 1349 1989; x_wconf 84' lang='lat' dir='ltr'><strong>is</strong></span> <span class='ocrx_word' id='word_1_151' title='bbox 1455 1968 1456 1989; x_wconf 60' lang='lat'>1</span> 
     </span>
    </p>
   </div>
   <div class='ocr_carea' id='block_1_10' title="bbox 229 2002 1351 2261">
    <p class='ocr_par' dir='ltr' id='par_1_10' title="bbox 229 2002 1351 2261">
     <span class='ocr_line' id='line_1_20' title="bbox 273 2002 1350 2103; baseline -0.002 -30"><span class='ocrx_word' id='word_1_152' title='bbox 273 2011 508 2075; x_wconf 81' lang='lat' dir='ltr'><strong>illusuissimum</strong></span> <span class='ocrx_word' id='word_1_153' title='bbox 529 2010 714 2071; x_wconf 82' lang='lat' dir='ltr'><strong>cardinalem</strong></span> <span class='ocrx_word' id='word_1_154' title='bbox 735 2002 951 2070; x_wconf 84' lang='lat' dir='ltr'><strong>Bellarminum</strong></span> <span class='ocrx_word' id='word_1_155' title='bbox 970 2009 1080 2088; x_wconf 77' lang='lat' dir='ltr'><strong>odeat,</strong></span> <span class='ocrx_word' id='word_1_156' title='bbox 1106 2013 1158 2103; x_wconf 77' lang='lat' dir='ltr'><strong>qui</strong></span> <span class='ocrx_word' id='word_1_157' title='bbox 1183 2013 1350 2093; x_wconf 82' lang='lat' dir='ltr'><strong>antiquitu-</strong></span> 
     </span>
     <span class='ocr_line' id='line_1_21' title="bbox 229 2092 1351 2177; baseline -0.004 -19"><span class='ocrx_word' id='word_1_158' title='bbox 229 2118 232 2127; x_wconf 76' lang='grc'><em>’</em></span> <span class='ocrx_word' id='word_1_159' title='bbox 273 2105 337 2158; x_wconf 85' lang='lat' dir='ltr'><strong>tem</strong></span> <span class='ocrx_word' id='word_1_160' title='bbox 358 2097 449 2156; x_wconf 88' lang='lat' dir='ltr'><strong>unius</strong></span> <span class='ocrx_word' id='word_1_161' title='bbox 468 2092 594 2177; x_wconf 86' lang='lat' dir='ltr'><strong>speciei,</strong></span> <span class='ocrx_word' id='word_1_162' title='bbox 617 2095 715 2155; x_wconf 88' lang='lat' dir='ltr'><strong>etius</strong></span> <span class='ocrx_word' id='word_1_163' title='bbox 746 2092 887 2155; x_wconf 85' lang='lat' dir='ltr'><strong>eeclesiae</strong></span> <span class='ocrx_word' id='word_1_164' title='bbox 915 2112 1122 2174; x_wconf 86' lang='lat' dir='ltr'><strong>summamque</strong></span> <span class='ocrx_word' id='word_1_165' title='bbox 1152 2096 1351 2175; x_wconf 65' lang='lat' dir='ltr'><strong>aequitatem,</strong></span> 
     </span>
     <span class='ocr_line' id='line_1_22' title="bbox 273 2176 1348 2261; baseline -0.002 -21"><span class='ocrx_word' id='word_1_166' title='bbox 273 2199 347 2261; x_wconf 86' lang='lat' dir='ltr'><strong>qus,</strong></span> <span class='ocrx_word' id='word_1_167' title='bbox 367 2178 441 2239; x_wconf 90' lang='lat' dir='ltr'><strong>dum</strong></span> <span class='ocrx_word' id='word_1_168' title='bbox 462 2176 585 2238; x_wconf 81' lang='lat' dir='ltr'><strong>calicem</strong></span> <span class='ocrx_word' id='word_1_169' title='bbox 602 2186 704 2253; x_wconf 85' lang='lat' dir='ltr'><strong>vetut,</strong></span> <span class='ocrx_word' id='word_1_170' title='bbox 726 2177 838 2251; x_wconf 81' lang='lat' dir='ltr'><strong>utimr,</strong></span> <span class='ocrx_word' id='word_1_171' title='bbox 860 2177 980 2257; x_wconf 84' lang='lat' dir='ltr'><strong>copiose</strong></span> <span class='ocrx_word' id='word_1_172' title='bbox 999 2180 1081 2236; x_wconf 87' lang='lat' dir='ltr'><strong>omni</strong></span> <span class='ocrx_word' id='word_1_173' title='bbox 1098 2188 1348 2259; x_wconf 77' lang='lat' dir='ltr'><strong>argumentosum</strong></span> 
     </span>
    </p>
   </div>
   <div class='ocr_carea' id='block_1_11' title="bbox 274 2258 1456 2346">
    <p class='ocr_par' dir='ltr' id='par_1_11' title="bbox 274 2258 1456 2346">
     <span class='ocr_line' id='line_1_23' title="bbox 274 2258 1456 2346; baseline 0 -23"><span class='ocrx_word' id='word_1_174' title='bbox 274 2280 383 2346; x_wconf 78' lang='lat' dir='ltr'><strong>genere</strong></span> <span class='ocrx_word' id='word_1_175' title='bbox 411 2262 596 2322; x_wconf 86' lang='lat' dir='ltr'><strong>demonstrat</strong></span> <span class='ocrx_word' id='word_1_176' title='bbox 628 2268 704 2321; x_wconf 89' lang='lat' dir='ltr'><strong>tom.</strong></span> <span class='ocrx_word' id='word_1_177' title='bbox 776 2269 843 2321; x_wconf 90' lang='lat' dir='ltr'><strong>arto</strong></span> <span class='ocrx_word' id='word_1_178' title='bbox 863 2258 942 2319; x_wconf 86' lang='lat' dir='ltr'><strong>libro</strong></span> <span class='ocrx_word' id='word_1_179' title='bbox 962 2269 1069 2341; x_wconf 89' lang='lat' dir='ltr'><strong>quarto</strong></span> <span class='ocrx_word' id='word_1_180' title='bbox 1092 2258 1136 2319; x_wconf 86' lang='lat' dir='ltr'><strong>de</strong></span> <span class='ocrx_word' id='word_1_181' title='bbox 1165 2258 1347 2320; x_wconf 71' lang='lat' dir='ltr'><strong>eucharistia</strong></span> <span class='ocrx_word' id='word_1_182' title='bbox 1455 2316 1456 2323; x_wconf 72' lang='grc'>,</span> 
     </span>
    </p>
   </div>
   <div class='ocr_carea' id='block_1_12' title="bbox 275 2340 1456 3504">
    <p class='ocr_par' dir='ltr' id='par_1_12' title="bbox 275 2340 1456 3504">
     <span class='ocr_line' id='line_1_24' title="bbox 275 2340 1351 2506; baseline -0.001 -19"><span class='ocrx_word' id='word_1_183' title='bbox 275 2352 818 2497; x_wconf 57' lang='grc' dir='ltr'><strong>ἓέξί,”’ἐξ“ἒὲ,,“,ῑᾚῗζέἑ,</strong></span> <span class='ocrx_word' id='word_1_184' title='bbox 840 2340 932 2486; x_wconf 70' lang='lat' dir='ltr'><strong>.¹.¹.¹i¹.‘¹</strong></span> <span class='ocrx_word' id='word_1_185' title='bbox 939 2351 1078 2506; x_wconf 64' lang='lat' dir='ltr'><strong>iiiiii,</strong></span> <span class='ocrx_word' id='word_1_186' title='bbox 1095 2342 1351 2503; x_wconf 43' lang='lat' dir='ltr'><strong>tuitii</strong></span> 
     </span>
     <span class='ocr_line' id='line_1_25' title="bbox 276 2507 1351 2582; baseline -0.002 -12"><span class='ocrx_word' id='word_1_187' title='bbox 276 2520 307 2570; x_wconf 89' lang='lat' dir='ltr'><strong>et</strong></span> <span class='ocrx_word' id='word_1_188' title='bbox 327 2508 495 2570; x_wconf 80' lang='lat' dir='ltr'><strong>eruditione</strong></span> <span class='ocrx_word' id='word_1_189' title='bbox 513 2507 676 2569; x_wconf 85' lang='lat' dir='ltr'><strong>maioribus</strong></span> <span class='ocrx_word' id='word_1_190' title='bbox 696 2509 759 2570; x_wconf 88' lang='lat' dir='ltr'><strong>suis</strong></span> <span class='ocrx_word' id='word_1_191' title='bbox 774 2507 940 2582; x_wconf 76' lang='lat' dir='ltr'><strong>infusiones,</strong></span> <span class='ocrx_word' id='word_1_192' title='bbox 959 2507 1055 2569; x_wconf 81' lang='lat' dir='ltr'><strong>rideri</strong></span> <span class='ocrx_word' id='word_1_193' title='bbox 1074 2510 1282 2570; x_wconf 79' lang='lat' dir='ltr'><strong>transitionem</strong></span> <span class='ocrx_word' id='word_1_194' title='bbox 1303 2508 1351 2569; x_wconf 84' lang='lat' dir='ltr'><strong>ie-</strong></span> 
     </span>
     <span class='ocr_line' id='line_1_26' title="bbox 276 2590 1349 2653; baseline 0 -1"><span class='ocrx_word' id='word_1_195' title='bbox 276 2593 353 2653; x_wconf 84' lang='lat' dir='ltr'><strong>cisse</strong></span> <span class='ocrx_word' id='word_1_196' title='bbox 371 2590 410 2652; x_wconf 83' lang='lat' dir='ltr'><strong>ad</strong></span> <span class='ocrx_word' id='word_1_197' title='bbox 433 2601 530 2653; x_wconf 85' lang='lat' dir='ltr'><strong>castra</strong></span> <span class='ocrx_word' id='word_1_198' title='bbox 553 2590 744 2653; x_wconf 83' lang='lat' dir='ltr'><strong>Hussiturnm</strong></span> <span class='ocrx_word' id='word_1_199' title='bbox 764 2601 794 2651; x_wconf 89' lang='lat' dir='ltr'><strong>et</strong></span> <span class='ocrx_word' id='word_1_200' title='bbox 815 2590 1104 2651; x_wconf 81' lang='lat' dir='ltr'><strong>confoederatorum.</strong></span> <span class='ocrx_word' id='word_1_201' title='bbox 1156 2591 1192 2652; x_wconf 84' lang='lat' dir='ltr'><strong>Id</strong></span> <span class='ocrx_word' id='word_1_202' title='bbox 1214 2592 1291 2653; x_wconf 90' lang='lat' dir='ltr'><strong>adeo</strong></span> <span class='ocrx_word' id='word_1_203' title='bbox 1313 2602 1349 2652; x_wconf 93' lang='lat' dir='ltr'><strong>ut</strong></span> 
     </span>
     <span class='ocr_line' id='line_1_27' title="bbox 275 2672 1350 2757; baseline -0.002 -22"><span class='ocrx_word' id='word_1_204' title='bbox 275 2675 352 2735; x_wconf 88' lang='lat' dir='ltr'><strong>mihi</strong></span> <span class='ocrx_word' id='word_1_205' title='bbox 371 2672 586 2757; x_wconf 83' lang='lat' dir='ltr'><strong>persuadeam,</strong></span> <span class='ocrx_word' id='word_1_206' title='bbox 607 2672 678 2734; x_wconf 85' lang='lat' dir='ltr'><strong>iacit</strong></span> <span class='ocrx_word' id='word_1_207' title='bbox 698 2674 864 2734; x_wconf 84' lang='lat' dir='ltr'><strong>Hieremias</strong></span> <span class='ocrx_word' id='word_1_208' title='bbox 883 2675 1051 2755; x_wconf 77' lang='lat' dir='ltr'><strong>patriarcha</strong></span> <span class='ocrx_word' id='word_1_209' title='bbox 1071 2673 1350 2755; x_wconf 81' lang='lat' dir='ltr'><strong>Constantinopoli-</strong></span> 
     </span>
     <span class='ocr_line' id='line_1_28' title="bbox 275 2746 1351 2860; baseline -0.004 -41"><span class='ocrx_word' id='word_1_210' title='bbox 275 2769 367 2820; x_wconf 87' lang='lat' dir='ltr'><strong>tanus</strong></span> <span class='ocrx_word' id='word_1_211' title='bbox 386 2759 419 2817; x_wconf 90' lang='lat' dir='ltr'><strong>in</strong></span> <span class='ocrx_word' id='word_1_212' title='bbox 439 2777 565 2817; x_wconf 82' lang='lat' dir='ltr'><strong>censura</strong></span> <span class='ocrx_word' id='word_1_213' title='bbox 586 2755 624 2816; x_wconf 85' lang='lat' dir='ltr'><strong>ed</strong></span> <span class='ocrx_word' id='word_1_214' title='bbox 644 2757 862 2839; x_wconf 80' lang='lat' dir='ltr'><strong>Tubiageuses,</strong></span> <span class='ocrx_word' id='word_1_215' title='bbox 883 2774 959 2839; x_wconf 89' lang='lat' dir='ltr'><strong>quos</strong></span> <span class='ocrx_word' id='word_1_216' title='bbox 977 2758 1019 2816; x_wconf 83' lang='lat' dir='ltr'><strong>ita</strong></span> <span class='ocrx_word' id='word_1_217' title='bbox 1041 2755 1169 2817; x_wconf 80' lang='lat' dir='ltr'><strong>affatur:</strong></span> <span class='ocrx_word' id='word_1_218' title='bbox 1191 2757 1272 2860; x_wconf 58' lang='lat' dir='ltr'><strong>ouri</strong></span> <span class='ocrx_word' id='word_1_219' title='bbox 1291 2746 1351 2816; x_wconf 65' lang='grc' dir='ltr'><strong>οὖν</strong></span> 
     </span>
     <span class='ocr_line' id='line_1_29' title="bbox 276 2829 1456 2921; baseline -0.006 -19"><span class='ocrx_word' id='word_1_220' title='bbox 276 2841 408 2921; x_wconf 76' lang='grc' dir='ltr'><strong><em>πρῶτον,</em></strong></span> <span class='ocrx_word' id='word_1_221' title='bbox 431 2829 481 2900; x_wconf 76' lang='grc' dir='ltr'><strong>ὅτι</strong></span> <span class='ocrx_word' id='word_1_222' title='bbox 500 2833 751 2918; x_wconf 68' lang='grc' dir='ltr'><strong>μεταλαμβάνειν</strong></span> <span class='ocrx_word' id='word_1_223' title='bbox 766 2837 886 2899; x_wconf 75' lang='lat' dir='ltr'><strong>drisci</strong></span> <span class='ocrx_word' id='word_1_224' title='bbox 900 2835 1087 2920; x_wconf 73' lang='grc' dir='ltr'><em>ἀμφοτέρων</em></span> <span class='ocrx_word' id='word_1_225' title='bbox 1102 2839 1281 2911; x_wconf 65' lang='lat' dir='ltr'><strong>vissedeis,</strong></span> <span class='ocrx_word' id='word_1_226' title='bbox 1296 2837 1352 2899; x_wconf 76' lang='lat' dir='ltr'><strong>sui</strong></span> <span class='ocrx_word' id='word_1_227' title='bbox 1455 2888 1456 2895; x_wconf 72' lang='grc'>,</span> 
     </span>
     <span class='ocr_line' id='line_1_30' title="bbox 277 2904 1456 3006; baseline -0.001 -22"><span class='ocrx_word' id='word_1_228' title='bbox 277 2920 503 3002; x_wconf 71' lang='grc' dir='ltr'><strong>ναλοῖςλέγετν.</strong></span> <span class='ocrx_word' id='word_1_229' title='bbox 544 2912 626 2983; x_wconf 76' lang='lat' dir='ltr'><strong>cison</strong></span> <span class='ocrx_word' id='word_1_230' title='bbox 649 2916 708 3004; x_wconf 72' lang='lat' dir='ltr'><strong>yda</strong></span> <span class='ocrx_word' id='word_1_231' title='bbox 736 2920 791 2982; x_wconf 81' lang='lat' dir='ltr'><strong>sui</strong></span> <span class='ocrx_word' id='word_1_232' title='bbox 807 2917 898 3003; x_wconf 71' lang='grc' dir='ltr'><strong><em>ἡμεῖς</em></strong></span> <span class='ocrx_word' id='word_1_233' title='bbox 917 2920 1100 2996; x_wconf 65' lang='grc' dir='ltr'><strong><em>ἐκαλοῦμεν</em></strong></span> <span class='ocrx_word' id='word_1_234' title='bbox 1121 2919 1186 2983; x_wconf 78' lang='lat' dir='ltr'><strong>scis</strong></span> <span class='ocrx_word' id='word_1_235' title='bbox 1210 2921 1351 3006; x_wconf 72' lang='grc' dir='ltr'><strong><em>φρικτῶν</em></strong></span> <span class='ocrx_word' id='word_1_236' title='bbox 1455 2904 1456 2931; x_wconf 52' lang='lat'>¹</span> 
     </span>
     <span class='ocr_line' id='line_1_31' title="bbox 277 2997 1456 3088; baseline -0.001 -20"><span class='ocrx_word' id='word_1_237' title='bbox 277 2997 565 3084; x_wconf 74' lang='grc' dir='ltr'><strong><em>μεταλαμβάνοντες</em></strong></span> <span class='ocrx_word' id='word_1_238' title='bbox 591 3002 783 3085; x_wconf 73' lang='grc' dir='ltr'><strong><em>μυστηρίων.</em></strong></span> <span class='ocrx_word' id='word_1_239' title='bbox 829 3003 945 3065; x_wconf 82' lang='lat' dir='ltr'><strong>Clarius</strong></span> <span class='ocrx_word' id='word_1_240' title='bbox 973 3003 1233 3088; x_wconf 76' lang='lat' dir='ltr'><strong>Protoayngclus,</strong></span> <span class='ocrx_word' id='word_1_241' title='bbox 1266 3007 1352 3067; x_wconf 87' lang='lat' dir='ltr'><strong>cuius</strong></span> <span class='ocrx_word' id='word_1_242' title='bbox 1455 3026 1456 3075; x_wconf 68' lang='lat' dir='ltr'><strong>i</strong></span> 
     </span>
     <span class='ocr_line' id='line_1_32' title="bbox 278 3087 1352 3173; baseline -0.001 -22"><span class='ocrx_word' id='word_1_243' title='bbox 278 3110 368 3171; x_wconf 86' lang='lat' dir='ltr'><strong>supra</strong></span> <span class='ocrx_word' id='word_1_244' title='bbox 387 3088 500 3149; x_wconf 88' lang='lat' dir='ltr'><strong>mentio</strong></span> <span class='ocrx_word' id='word_1_245' title='bbox 520 3087 608 3152; x_wconf 86' lang='lat' dir='ltr'><strong>iacta.</strong></span> <span class='ocrx_word' id='word_1_246' title='bbox 642 3087 713 3148; x_wconf 84' lang='lat' dir='ltr'><strong>Non</strong></span> <span class='ocrx_word' id='word_1_247' title='bbox 729 3087 936 3168; x_wconf 71' lang='lat' dir='ltr'><strong>dejrmdatur,</strong></span> <span class='ocrx_word' id='word_1_248' title='bbox 958 3087 1069 3171; x_wconf 87' lang='lat' dir='ltr'><strong>inquit,</strong></span> <span class='ocrx_word' id='word_1_249' title='bbox 1088 3089 1172 3172; x_wconf 80' lang='lat' dir='ltr'><strong>apud</strong></span> <span class='ocrx_word' id='word_1_250' title='bbox 1188 3110 1242 3150; x_wconf 81' lang='lat' dir='ltr'><strong>nos</strong></span> <span class='ocrx_word' id='word_1_251' title='bbox 1253 3109 1352 3173; x_wconf 78' lang='lat' dir='ltr'><strong>popu-</strong></span> 
     </span>
     <span class='ocr_line' id='line_1_33' title="bbox 277 3169 1353 3266; baseline 0 -34"><span class='ocrx_word' id='word_1_252' title='bbox 277 3173 324 3232; x_wconf 81' lang='lat' dir='ltr'><strong>lus</strong></span> <span class='ocrx_word' id='word_1_253' title='bbox 339 3171 413 3247; x_wconf 87' lang='lat' dir='ltr'><strong>Dei,</strong></span> <span class='ocrx_word' id='word_1_254' title='bbox 428 3169 572 3266; x_wconf 71' lang='lat' dir='ltr'><strong>deraditur</strong></span> <span class='ocrx_word' id='word_1_255' title='bbox 590 3169 709 3248; x_wconf 66' lang='lat' dir='ltr'><strong>Gratti,</strong></span> <span class='ocrx_word' id='word_1_256' title='bbox 727 3171 866 3231; x_wconf 79' lang='lat' dir='ltr'><strong>altissimi</strong></span> <span class='ocrx_word' id='word_1_257' title='bbox 882 3172 995 3230; x_wconf 73' lang='lat' dir='ltr'><strong>semisse</strong></span> <span class='ocrx_word' id='word_1_258' title='bbox 1010 3173 1203 3233; x_wconf 80' lang='lat' dir='ltr'><strong>sacramenti:</strong></span> <span class='ocrx_word' id='word_1_259' title='bbox 1227 3184 1353 3255; x_wconf 75' lang='lat' dir='ltr'><strong>utruque</strong></span> 
     </span>
     <span class='ocr_line' id='line_1_34' title="bbox 277 3252 1350 3422; baseline -0.007 -28"><span class='ocrx_word' id='word_1_260' title='bbox 277 3252 1350 3422; x_wconf 48' lang='lat' dir='ltr'><strong>WuDisffiffmtuffla</strong></span> 
     </span>
     <span class='ocr_line' id='line_1_35' title="bbox 279 3415 1352 3504; baseline 0.007 -31"><span class='ocrx_word' id='word_1_261' title='bbox 279 3436 335 3502; x_wconf 69' lang='lat' dir='ltr'><strong>qne</strong></span> <span class='ocrx_word' id='word_1_262' title='bbox 354 3416 463 3500; x_wconf 81' lang='lat' dir='ltr'><strong>species</strong></span> <span class='ocrx_word' id='word_1_263' title='bbox 489 3415 534 3474; x_wconf 80' lang='lat' dir='ltr'><strong>ad</strong></span> <span class='ocrx_word' id='word_1_264' title='bbox 554 3420 787 3477; x_wconf 81' lang='lat' dir='ltr'><strong>communionem</strong></span> <span class='ocrx_word' id='word_1_265' title='bbox 810 3421 970 3480; x_wconf 80' lang='lat' dir='ltr'><strong>necessario</strong></span> <span class='ocrx_word' id='word_1_266' title='bbox 986 3422 1124 3504; x_wconf 74' lang='lat' dir='ltr'><strong>pertinet.</strong></span> <span class='ocrx_word' id='word_1_267' title='bbox 1168 3421 1251 3482; x_wconf 85' lang='lat' dir='ltr'><strong>Haec</strong></span> <span class='ocrx_word' id='word_1_268' title='bbox 1269 3430 1302 3479; x_wconf 92' lang='lat' dir='ltr'><strong>et</strong></span> <span class='ocrx_word' id='word_1_269' title='bbox 1320 3419 1352 3480; x_wconf 89' lang='lat' dir='ltr'><strong>id</strong></span> 
     </span>
    </p>
   </div>
   <div class='ocr_carea' id='block_1_13' title="bbox 280 3495 1456 3585">
    <p class='ocr_par' dir='ltr' id='par_1_13' title="bbox 280 3495 1456 3585">
     <span class='ocr_line' id='line_1_36' title="bbox 280 3495 1456 3585; baseline 0.007 -26"><span class='ocrx_word' id='word_1_270' title='bbox 280 3518 373 3581; x_wconf 73' lang='lat' dir='ltr'><strong>genus</strong></span> <span class='ocrx_word' id='word_1_271' title='bbox 396 3495 455 3559; x_wconf 87' lang='lat' dir='ltr'><strong>alia</strong></span> <span class='ocrx_word' id='word_1_272' title='bbox 475 3496 607 3559; x_wconf 87' lang='lat' dir='ltr'><strong>Graecus</strong></span> <span class='ocrx_word' id='word_1_273' title='bbox 627 3497 688 3575; x_wconf 88' lang='lat' dir='ltr'><strong>ilie,</strong></span> <span class='ocrx_word' id='word_1_274' title='bbox 709 3498 897 3561; x_wconf 80' lang='lat' dir='ltr'><strong>Hussiterum</strong></span> <span class='ocrx_word' id='word_1_275' title='bbox 920 3511 951 3561; x_wconf 90' lang='lat' dir='ltr'><strong>et</strong></span> <span class='ocrx_word' id='word_1_276' title='bbox 973 3501 1115 3564; x_wconf 82' lang='lat' dir='ltr'><strong>similium</strong></span> <span class='ocrx_word' id='word_1_277' title='bbox 1138 3506 1247 3585; x_wconf 86' lang='lat' dir='ltr'><strong>spiritu</strong></span> <span class='ocrx_word' id='word_1_278' title='bbox 1266 3501 1353 3562; x_wconf 84' lang='lat' dir='ltr'><strong>affla-</strong></span> <span class='ocrx_word' id='word_1_279' title='bbox 1455 3564 1456 3567; x_wconf 74' lang='grc'>,</span> 
     </span>
    </p>
   </div>
   <div class='ocr_carea' id='block_1_14' title="bbox 279 3577 1354 3750">
    <p class='ocr_par' dir='ltr' id='par_1_14' title="bbox 279 3577 1354 3750">
     <span class='ocr_line' id='line_1_37' title="bbox 279 3577 1354 3669; baseline 0.005 -26"><span class='ocrx_word' id='word_1_280' title='bbox 279 3593 340 3658; x_wconf 90' lang='lat' dir='ltr'><strong>tus,</strong></span> <span class='ocrx_word' id='word_1_281' title='bbox 364 3600 455 3662; x_wconf 87' lang='lat' dir='ltr'><strong>quem</strong></span> <span class='ocrx_word' id='word_1_282' title='bbox 475 3577 776 3656; x_wconf 68' lang='lat' dir='ltr'><strong>astronianum,</strong></span> <span class='ocrx_word' id='word_1_283' title='bbox 798 3583 856 3645; x_wconf 91' lang='lat' dir='ltr'><strong>hoc</strong></span> <span class='ocrx_word' id='word_1_284' title='bbox 876 3594 922 3646; x_wconf 89' lang='lat' dir='ltr'><strong>est</strong></span> <span class='ocrx_word' id='word_1_285' title='bbox 941 3584 1000 3646; x_wconf 86' lang='lat' dir='ltr'><strong>Dei</strong></span> <span class='ocrx_word' id='word_1_286' title='bbox 1020 3585 1126 3669; x_wconf 87' lang='lat' dir='ltr'><strong>spiritu</strong></span> <span class='ocrx_word' id='word_1_287' title='bbox 1146 3586 1267 3658; x_wconf 71' lang='lat' dir='ltr'><strong>diruat,</strong></span> <span class='ocrx_word' id='word_1_288' title='bbox 1287 3606 1354 3666; x_wconf 81' lang='lat' dir='ltr'><strong>per·</strong></span> 
     </span>
     <span class='ocr_line' id='line_1_38' title="bbox 280 3664 1353 3750; baseline 0.002 -23"><span class='ocrx_word' id='word_1_289' title='bbox 280 3666 382 3749; x_wconf 88' lang='lat' dir='ltr'><strong>spicue</strong></span> <span class='ocrx_word' id='word_1_290' title='bbox 410 3664 638 3743; x_wconf 83' lang='lat' dir='ltr'><strong>demonstrans,</strong></span> <span class='ocrx_word' id='word_1_291' title='bbox 660 3686 720 3727; x_wconf 86' lang='lat' dir='ltr'><strong>usu</strong></span> <span class='ocrx_word' id='word_1_292' title='bbox 744 3667 834 3728; x_wconf 82' lang='lat' dir='ltr'><strong>unius</strong></span> <span class='ocrx_word' id='word_1_293' title='bbox 858 3668 966 3750; x_wconf 84' lang='lat' dir='ltr'><strong>speciei</strong></span> <span class='ocrx_word' id='word_1_294' title='bbox 995 3669 1071 3730; x_wconf 89' lang='lat' dir='ltr'><strong>nihil</strong></span> <span class='ocrx_word' id='word_1_295' title='bbox 1091 3669 1234 3733; x_wconf 82' lang='lat' dir='ltr'><strong>adversus</strong></span> <span class='ocrx_word' id='word_1_296' title='bbox 1254 3668 1353 3729; x_wconf 84' lang='lat' dir='ltr'><strong>ullum</strong></span> 
     </span>
    </p>
   </div>
   <div class='ocr_carea' id='block_1_15' title="bbox 280 3746 1456 3835">
    <p class='ocr_par' dir='ltr' id='par_1_15' title="bbox 280 3746 1456 3835">
     <span class='ocr_line' id='line_1_39' title="bbox 280 3746 1456 3835; baseline 0.001 -25"><span class='ocrx_word' id='word_1_297' title='bbox 280 3760 473 3831; x_wconf 82' lang='lat' dir='ltr'><strong>praeceptum</strong></span> <span class='ocrx_word' id='word_1_298' title='bbox 492 3746 630 3811; x_wconf 87' lang='lat' dir='ltr'><strong>divinum</strong></span> <span class='ocrx_word' id='word_1_299' title='bbox 653 3750 810 3811; x_wconf 84' lang='lat' dir='ltr'><strong>committi.</strong></span> <span class='ocrx_word' id='word_1_300' title='bbox 851 3751 964 3830; x_wconf 88' lang='lat' dir='ltr'><strong>Quod,</strong></span> <span class='ocrx_word' id='word_1_301' title='bbox 984 3763 1021 3814; x_wconf 89' lang='lat' dir='ltr'><strong>ut</strong></span> <span class='ocrx_word' id='word_1_302' title='bbox 1041 3755 1125 3835; x_wconf 86' lang='lat' dir='ltr'><strong>prius</strong></span> <span class='ocrx_word' id='word_1_303' title='bbox 1144 3752 1279 3827; x_wconf 86' lang='lat' dir='ltr'><strong>dictum,</strong></span> <span class='ocrx_word' id='word_1_304' title='bbox 1301 3771 1352 3811; x_wconf 87' lang='lat' dir='ltr'><strong>su-</strong></span> <span class='ocrx_word' id='word_1_305' title='bbox 1455 3764 1456 3767; x_wconf 73' lang='grc'>’</span> 
     </span>
    </p>
   </div>
   <div class='ocr_carea' id='block_1_16' title="bbox 279 3830 1354 4244">
    <p class='ocr_par' dir='ltr' id='par_1_16' title="bbox 279 3830 1354 4244">
     <span class='ocr_line' id='line_1_40' title="bbox 279 3830 1353 3917; baseline 0.003 -26"><span class='ocrx_word' id='word_1_306' title='bbox 279 3833 405 3914; x_wconf 83' lang='lat' dir='ltr'><strong>perieris</strong></span> <span class='ocrx_word' id='word_1_307' title='bbox 434 3832 501 3892; x_wconf 85' lang='lat' dir='ltr'><strong>aevi</strong></span> <span class='ocrx_word' id='word_1_308' title='bbox 519 3832 642 3894; x_wconf 89' lang='lat' dir='ltr'><strong>Graecis</strong></span> <span class='ocrx_word' id='word_1_309' title='bbox 661 3842 692 3894; x_wconf 87' lang='lat' dir='ltr'><strong>et</strong></span> <span class='ocrx_word' id='word_1_310' title='bbox 711 3830 772 3894; x_wconf 82' lang='lat' dir='ltr'><strong>illis</strong></span> <span class='ocrx_word' id='word_1_311' title='bbox 790 3833 880 3916; x_wconf 88' lang='lat' dir='ltr'><strong>ipsis,</strong></span> <span class='ocrx_word' id='word_1_312' title='bbox 904 3835 957 3917; x_wconf 88' lang='lat' dir='ltr'><strong>qui</strong></span> <span class='ocrx_word' id='word_1_313' title='bbox 973 3835 1171 3897; x_wconf 86' lang='lat' dir='ltr'><strong>Cautacuneui</strong></span> <span class='ocrx_word' id='word_1_314' title='bbox 1192 3846 1290 3897; x_wconf 79' lang='lat' dir='ltr'><strong>aetate</strong></span> <span class='ocrx_word' id='word_1_315' title='bbox 1305 3835 1353 3895; x_wconf 86' lang='lat' dir='ltr'><strong>vi-</strong></span> 
     </span>
     <span class='ocr_line' id='line_1_41' title="bbox 280 3915 1352 3998; baseline -0.001 -21"><span class='ocrx_word' id='word_1_316' title='bbox 280 3915 405 3992; x_wconf 85' lang='lat' dir='ltr'><strong>vebant,</strong></span> <span class='ocrx_word' id='word_1_317' title='bbox 416 3916 540 3975; x_wconf 88' lang='lat' dir='ltr'><strong>minime</strong></span> <span class='ocrx_word' id='word_1_318' title='bbox 553 3916 691 3998; x_wconf 74' lang='lat' dir='ltr'><strong>ignotum</strong></span> <span class='ocrx_word' id='word_1_319' title='bbox 712 3928 787 3978; x_wconf 84' lang='lat' dir='ltr'><strong>erat.</strong></span> <span class='ocrx_word' id='word_1_320' title='bbox 812 3917 928 3980; x_wconf 83' lang='lat' dir='ltr'><strong>Verum</strong></span> <span class='ocrx_word' id='word_1_321' title='bbox 946 3920 1026 3981; x_wconf 90' lang='lat' dir='ltr'><strong>iusto</strong></span> <span class='ocrx_word' id='word_1_322' title='bbox 1034 3920 1091 3981; x_wconf 92' lang='lat' dir='ltr'><strong>Dei</strong></span> <span class='ocrx_word' id='word_1_323' title='bbox 1111 3920 1223 3981; x_wconf 89' lang='lat' dir='ltr'><strong>iudicio</strong></span> <span class='ocrx_word' id='word_1_324' title='bbox 1235 3919 1352 3980; x_wconf 88' lang='lat' dir='ltr'><strong>contin-</strong></span> 
     </span>
     <span class='ocr_line' id='line_1_42' title="bbox 281 3995 1353 4086; baseline 0 -27"><span class='ocrx_word' id='word_1_325' title='bbox 281 4018 351 4081; x_wconf 75' lang='lat' dir='ltr'><strong>gere</strong></span> <span class='ocrx_word' id='word_1_326' title='bbox 370 3995 457 4073; x_wconf 86' lang='lat' dir='ltr'><strong>solet,</strong></span> <span class='ocrx_word' id='word_1_327' title='bbox 469 4007 505 4057; x_wconf 93' lang='lat' dir='ltr'><strong>ut</strong></span> <span class='ocrx_word' id='word_1_328' title='bbox 518 3999 571 4079; x_wconf 87' lang='lat' dir='ltr'><strong>qui</strong></span> <span class='ocrx_word' id='word_1_329' title='bbox 591 4019 623 4059; x_wconf 87' lang='lat' dir='ltr'><strong>se</strong></span> <span class='ocrx_word' id='word_1_330' title='bbox 643 3999 682 4060; x_wconf 89' lang='lat' dir='ltr'><strong>ab</strong></span> <span class='ocrx_word' id='word_1_331' title='bbox 694 3999 1006 4064; x_wconf 83' lang='lat' dir='ltr'><strong>ecclesiaeconcordia</strong></span> <span class='ocrx_word' id='word_1_332' title='bbox 1019 4012 1221 4086; x_wconf 74' lang='lat' dir='ltr'><strong>segregarunt,</strong></span> <span class='ocrx_word' id='word_1_333' title='bbox 1235 4004 1267 4064; x_wconf 90' lang='lat' dir='ltr'><strong>in</strong></span> <span class='ocrx_word' id='word_1_334' title='bbox 1285 3998 1353 4082; x_wconf 90' lang='lat' dir='ltr'><strong>plu·</strong></span> 
     </span>
     <span class='ocr_line' id='line_1_43' title="bbox 281 4081 1354 4168; baseline 0.004 -26"><span class='ocrx_word' id='word_1_335' title='bbox 281 4102 330 4142; x_wconf 84' lang='lat' dir='ltr'><strong>res</strong></span> <span class='ocrx_word' id='word_1_336' title='bbox 342 4091 373 4143; x_wconf 89' lang='lat' dir='ltr'><strong>et</strong></span> <span class='ocrx_word' id='word_1_337' title='bbox 386 4081 536 4163; x_wconf 78' lang='lat' dir='ltr'><strong>graviores</strong></span> <span class='ocrx_word' id='word_1_338' title='bbox 544 4100 661 4143; x_wconf 84' lang='lat' dir='ltr'><strong>errores</strong></span> <span class='ocrx_word' id='word_1_339' title='bbox 673 4102 790 4165; x_wconf 86' lang='lat' dir='ltr'><strong>semper</strong></span> <span class='ocrx_word' id='word_1_340' title='bbox 807 4083 1000 4164; x_wconf 82' lang='lat' dir='ltr'><strong>delabantur,</strong></span> <span class='ocrx_word' id='word_1_341' title='bbox 1027 4088 1085 4147; x_wconf 89' lang='lat' dir='ltr'><strong>nisi</strong></span> <span class='ocrx_word' id='word_1_342' title='bbox 1106 4106 1155 4168; x_wconf 91' lang='lat' dir='ltr'><strong>eo,</strong></span> <span class='ocrx_word' id='word_1_343' title='bbox 1175 4083 1257 4149; x_wconf 88' lang='lat' dir='ltr'><strong>unde</strong></span> <span class='ocrx_word' id='word_1_344' title='bbox 1278 4085 1354 4146; x_wconf 82' lang='lat' dir='ltr'><strong>exie·</strong></span> 
     </span>
     <span class='ocr_line' id='line_1_44' title="bbox 282 4172 745 4244; baseline 0 -18"><span class='ocrx_word' id='word_1_345' title='bbox 282 4175 367 4244; x_wconf 85' lang='lat' dir='ltr'><strong>runt,</strong></span> <span class='ocrx_word' id='word_1_346' title='bbox 388 4172 587 4233; x_wconf 79' lang='lat' dir='ltr'><strong>revertantur.</strong></span> <span class='ocrx_word' id='word_1_347' title='bbox 607 4185 745 4232; x_wconf 80' lang='lat' dir='ltr'><strong>oaarsnn.</strong></span> 
     </span>
    </p>
   </div>
   <div class='ocr_carea' id='block_1_17' title="bbox 0 0 1512 4678">
    <p class='ocr_par' dir='ltr' id='par_1_17' title="bbox 0 0 1512 4678">
     <span class='ocr_line' id='line_1_45' title="bbox 0 0 1512 4678; baseline 0 0"><span class='ocrx_word' id='word_1_348' title='bbox 0 0 1512 4678; x_wconf 95' lang='lat' dir='ltr'><strong> </strong></span> 
     </span>
    </p>
   </div>
  </div>
 </body>
</html>
