2978 4678
480 280 764 351 mssonsunuu
792 287 846 349 ιν.
867 288 919 357 σε
1160 257 1245 372 349

159 459 220 503 σαν
240 435 426 519 ἐπτοῆσθαι,
452 433 510 498 edre
540 432 664 519 άνδριῖν
687 429 822 516 ἐχόντων
851 437 929 501 νοῦν
958 432 1014 499 καί
1032 435 1399 521 προσιχόντωνς,ς,,355

159 529 293 620 όληβόσι
310 540 479 618 λογισμοῖς.
523 528 600 619 ήδδ
622 535 657 597 ἐκ
675 537 731 616 τῆς
753 532 916 616 βασιλείοις
936 528 1056 618 ταύτης
1094 537 1150 600 καί
1181 536 1245 601 κίν-

160 637 255 701 δυνον
279 629 316 698 osi
339 631 394 699 τόν
412 631 551 716 τυχόντα
572 632 617 720 τῷ
645 628 691 715 μή
720 635 824 707 καλῶς
848 640 914 709 τοῖς
934 630 1099 716 πράγμασι
1117 637 1245 719 χρωμέ.

159 757 204 824 vqs
224 732 280 798 καί
312 732 532 818 προσηκόντως
552 723 593 796 ds
612 732 742 814 ἐνέγκοι.
776 724 814 794 nsi
834 728 894 816 γάρ
919 726 1024 816 ὥσπερ
1047 732 1169 809 ἐντοῖς
1190 726 1244 797 sii„

132 832 238 914 ὅλοις,
260 825 301 899 όν
322 830 496 921 ῥᾳθύμοις,
518 825 603 895 οὕτω
635 827 674 915 δή
703 831 760 895 καί
782 833 966 912 βασιλεῦσιν
998 832 1050 916 ἐφ’
1070 823 1245 916 όαστοόςή

160 930 264 1016 βλάβη
287 931 491 1017 περιγίνεται,
513 923 712 1012 βιοτεόωσιν
752 926 834 994 ἄλλά
857 925 898 993 τά
927 952 963 993 τε
992 926 1100 1012 cynei
1131 928 1276 1017 dpoebscss

162 1028 251 1095 κοινά
271 1038 337 1107 τοῖς
356 1026 507 1114 δπηκόοις
521 1027 576 1094 καί
597 1028 637 1095 τά
663 1032 793 1117 φαῦλα,
816 1028 872 1094 καί
891 1030 962 1094 δέοι
984 1031 1110 1112 α’γαθοῦ
1130 1029 1246 1107 παντός

161 1129 339 1215 όρχέτοποκ
358 1125 417 1213 τήν
443 1131 598 1211 βασιλέως
620 1127 812 1195 καθεστάναι
839 1128 960 1213 ψυχήν·
1004 1131 1037 1193 εἰ
1056 1129 1093 1209 δὲ
1112 1124 1177 1212 μή,
1205 1122 1244 1192 ου’

160 1231 218 1315 τῆς
244 1229 400 1316 σφετέρας
417 1225 513 1310 μόνον
535 1225 697 1317 ῥᾳθυμίας
714 1227 850 1315 όφλήσει
869 1229 981 1310 δίκας,
1015 1227 1096 1293 etti
1119 1227 1173 1291 καί
1191 1230 1245 1311 τῆς

113 1328 223 1393 route
242 1328 374 1393 πολλῶν.
417 1321 507 1400 άτίς
526 1318 568 1391 όν
591 1329 665 1392 νοῦν
686 1322 769 1409 ἔχων
788 1325 959 1412 ἐννοήσας,
994 1320 1052 1391 οόκ
1080 1317 1121 1391 όν
1141 1328 1244 1391 ἕλοιτο

159 1429 281 1508 μᾶλλον
300 1426 439 1514 άφανείρ
457 1426 557 1512 πολλῇ
568 1427 679 1512 σοζῇν,
698 1428 754 1510 τής
770 1425 884 1510 ζημίας
906 1427 964 1490 οόκ
980 1423 1026 1502 ιῖς
1038 1449 1069 1491 τι
1083 1427 1147 1489 τῶν
1160 1449 1246 1512 φαο-

158 1526 315 1608 λοτὲρων,
341 1527 411 1591 αλλ’
442 1525 488 1601 είς
516 1520 615 1613 αδτήν
637 1522 694 1609 τήν
713 1522 823 1608 ψυχήν
850 1524 1086 1610 διαβαινοόσης,
1109 1518 1189 1614 ᾔτά
1211 1548 1245 1590 τι

161 1620 269 1707 ἀγαθά
293 1620 411 1705 ὅμοίως
431 1622 487 1689 καί
510 1621 549 1687 τό
579 1626 689 1710 φαῦλα
716 1620 864 1688 α’θάνατα
894 1627 1069 1705 συνέσται,
1094 1626 1149 1690 ἐπὶ
1165 1620 1242 1692 sosi-

160 1747 225 1801 τοις
244 1725 280 1790 δὲ
310 1714 366 1790 καί
383 1722 462 1788 κατά
486 1721 541 1789 τόν
571 1725 647 1810 τῇδε
676 1726 747 1806 βίον
782 1723 906 1788 πολλῶν
936 1722 1068 1808 α’γοόνων
1098 1725 1156 1788 καί
1185 1721 1244 1788 πό-

115 1824 225 1890 ιόνων
259 1822 316 1887 καί
351 1819 504 1886 κινδύνων
531 1824 577 1912 τῷ
606 1817 805 1903 βασιλεύοντι
832 1818 963 1906 δεήσει,
1003 1823 1035 1888 εί
1057 1824 1171 1904 μέλλοι
1195 1820 1242 1909 μή

158 1923 334 2005 παρέργως,
358 1919 441 1985 ἄλλά
463 1916 545 1984 κατά
566 1917 619 1984 τόν
642 1917 735 2002 λόγον
755 1921 899 2005 χρῆσθαι
915 1924 954 2009 τῇ
977 1920 1075 2009 άρχή.
1115 1935 1275 2008 aponus-c

157 2019 301 2084 δονεόειι
321 2015 383 2104 γάρ
405 2020 468 2085 τοῖν
487 2015 635 2105 όπηκάοον
658 2020 779 2083 δίκαιον
813 2017 867 2084 αἐἰ
900 2023 955 2083 καὶ
983 2017 1029 2106 μή
1053 2022 1089 2085 ἐν
1108 2024 1153 2108 τῷ
1171 2020 1285 2109 ἐδίῳῩ.
1305 2032 1365 2103 7¹⁸.

158 2116 304 2205 deperiri
325 2119 495 2203 προίεσθαι
520 2117 578 2204 τήν
598 2121 725 2185 ἐκείνων
746 2118 914 2204 σωτηρίαν·
954 2121 1011 2182 καί
1029 2116 1132 2184 πάντα
1149 2121 1245 2186 πόνον

110 2319 316 2399 αοπολεμίων
340 2315 401 2401 τήν
422 2315 616 2398 α’ντίστασιν,
637 2318 700 2380 τῶν
723 2338 757 2379 τε
775 2313 894 2394 ἔξωθεν
915 2314 1069 2383 ἐπιόντων
1099 2315 1155 2383 καί
1182 2324 1245 2383 τῶν

158 2413 288 2482 ἔνδοθεν
310 2414 426 2496 δμοίως
447 2411 726 2499 ἐπιβουλευόντων.
752 2407 793 2479 άν
814 2415 851 2478 δέ
877 2437 925 2490 τις
945 2411 1061 2501 ἔροιτο,
1083 2409 1159 2481 icoo
1179 2415 1245 2500 γό-

159 2540 211 2602 ριν
230 2512 346 2600 πολλήν
366 2518 411 2603 rqi
430 2515 592 2599 πράγματι
616 2516 806 2599 δυσχέρειαν
834 2512 988 2590 σοιειδαός
1011 2514 1068 2580 καὶ
1087 2513 1246 2582 τοσοότων

159 2612 263 2679 πόνων
283 2615 339 2678 καί
357 2607 485 2697 tydeo»
501 2612 559 2699 τήν
578 2616 735 2698 βασιλέως
750 2614 899 2698 δεομένην
919 2610 1039 2700 ψυχήν,
1052 2612 1158 2697 arisbe,
1175 2612 1246 2680 ἐνόν

158 2715 194 2778 ἐν
207 2709 336 2778 idicirco
356 2711 453 2800 μοίρᾳ
471 2712 594 2779 πάντων
617 2707 834 2798 ἀπηλλάχθαι,
854 2715 991 2780 τοσαῦτα
1013 2712 1094 2802 ὑπὲρ
1116 2716 1176 2778 τοῦ
1187 2739 1243 2780 το-

233 2833 273 2875 sn.
289 2812 341 2882 τήν
358 2833 410 2868 om.
429 2819 460 2878 P.
540 2818 578 2872 ιδ.
596 2806 648 2872 τόν
664 2833 718 2870 orn.
738 2819 768 2870 P.

103 2926 106 2933 ·
157 2902 268 2971 vulgare
291 2903 443 2972 pericnlum
467 2921 524 2960 non
546 2904 619 2958 bene
640 2913 724 2977 etque
748 2911 780 2957 nt
795 2901 875 2959 decet
892 2921 950 2959 rem
970 2905 1109 2976 publicam
1125 2902 1248 2958 admini-

157 2974 256 3027 stranti
275 2974 406 3028 attulerit
442 2976 505 3030 Non
525 2978 613 3038 enim,
636 2973 867 3048 quemadmodum
890 2976 973 3042 aliis,
996 2977 1022 3029 si
1044 2978 1128 3029 vitam
1154 2977 1246 3029 solute

157 3046 348 3112 transegerint,
366 3044 407 3097 sie
422 3048 504 3099 stiam
521 3047 733 3116 imperatoribus
753 3046 906 3107 usuvenit,
924 3055 956 3100 ut
975 3047 1102 3101 domnum
1121 3045 1157 3099 sd
1172 3048 1245 3115 ipsos

158 3115 240 3168 modo
260 3118 411 3184 pertinent,
443 3118 492 3171 scd
516 3125 544 3171 et
568 3119 640 3172 bona
665 3127 694 3171 et
719 3116 791 3169 mnia
814 3117 935 3186 ipsorum
952 3118 1071 3172 subditis
1088 3117 1246 3170 communia

158 3193 232 3247 sunt,
249 3192 277 3237 et
294 3187 465 3257 imperatoris
491 3191 611 3241 enimam
636 3190 723 3241 omnis
745 3188 855 3240 virtutis
880 3189 1021 3259 specuium
1040 3195 1122 3257 atque
1145 3185 1245 3239 arche-

159 3263 254 3324 typum
272 3274 330 3311 esse
348 3265 472 3327 oportet:
492 3261 598 3329 alioqui
617 3274 673 3311 non
691 3258 778 3311 solum
796 3273 882 3322 suae,
899 3258 948 3311 sed
968 3267 997 3311 et
1014 3259 1131 3310 aliorum
1151 3257 1245 3326 segni-

157 3327 210 3379 tici
228 3343 329 3397 poenas
347 3330 491 3398 persolvet
528 3329 608 3398 Quae
630 3331 692 3398 quis
716 3328 826 3380 tundens
849 3346 905 3383 non
928 3331 1030 3382 stultus
1049 3345 1140 3381 secum
1159 3344 1243 3397 repu-

158 3403 219 3449 tans
246 3414 302 3450 nou
319 3400 363 3453 acl
381 3397 589 3452 obscurissimus
615 3402 707 3453 vivere
728 3398 824 3461 metit,
847 3414 908 3452 cum
924 3399 1120 3454 detrimentum
1139 3414 1195 3451 non
1212 3398 1245 3450 in

159 3467 327 3539 despicabile
345 3470 497 3541 quippiam,
517 3469 567 3524 sed
585 3470 615 3524 in
632 3472 718 3539 ipram
738 3471 857 3521 animans
880 3469 1034 3533 deriwtur,
1061 3468 1106 3520 cui
1124 3476 1152 3520 et
1168 3468 1244 3522 bona

159 3548 188 3591 et
204 3540 276 3592 mnia
299 3540 329 3591 in
350 3541 545 3608 sempiternum
571 3540 701 3594 inerunt?
735 3541 877 3593 Praetereo
900 3549 929 3594 et
944 3543 1039 3594 multis
1056 3537 1243 3593 contentioni-

158 3608 220 3671 bus,
242 3607 383 3663 lebetibus
402 3619 430 3662 ct
448 3610 652 3663 discriminibus
678 3612 707 3663 in
734 3610 785 3662 bac
801 3611 858 3663 rita
884 3612 1102 3681 periungendum
1129 3617 1172 3661 est
1188 3609 1243 3660 im-

158 3681 288 3749 peratori,
311 3683 335 3732 si
354 3680 427 3733 nolit
443 3683 523 3750 qussi
540 3680 617 3734 atiud
635 3697 727 3748 agens,
743 3696 837 3733 verum
858 3688 889 3734 ut
907 3682 977 3734 ratio
995 3678 1168 3752 praescribit,
1185 3678 1243 3730 im-

158 3751 237 3819 perio
254 3765 387 3820 proeesse,
441 3752 550 3804 Etenim
568 3767 617 3822 pro
635 3752 765 3804 subiectis
785 3749 863 3802 adire
889 3752 1042 3819 periculum
1069 3764 1177 3819 semper
1193 3766 1242 3802 ns·

160 3835 246 3889 quum
263 3829 313 3883 cst,
331 3837 392 3886 nec,
410 3821 476 3874 dum
493 3823 553 3890 ipse
570 3822 651 3875 modo
673 3837 783 3874 securus
802 3821 854 3885 sit,
880 3821 999 3873 alienam
1028 3820 1145 3873 salntem
1163 3819 1243 3889 parvi

158 3888 297 3958 pendere:
323 3900 426 3944 etcum
445 3892 474 3945 in
492 3890 659 3946 moderando
675 3909 704 3945 re
718 3891 847 3960 publice,
861 3897 922 3943 cum
950 3894 981 3945 in
1001 3887 1160 3945 codrcendis
1184 3888 1239 3942 bo-

159 3958 262 4020 stibus,
276 3967 305 4012 et
320 3960 385 4015 foris
403 3962 598 4016 invadentibus
616 3973 645 4017 et
669 3964 745 4017 intus
765 3959 974 4026 insidiantibus,
1001 3962 1124 4019 laborem
1142 3975 1240 4031 quem-

160 4029 202 4081 vis
220 4044 367 4097 capessere.
403 4035 555 4100 interroget
570 4033 716 4104 quispiam,
734 4048 795 4085 cum
811 4033 918 4096 scirem,
935 4035 1045 4102 quantis
1062 4035 1116 4086 ista
1132 4028 1238 4081 iunctio

158 4099 294 4168 impedita
312 4110 384 4155 esset
400 4103 624 4168 difficultatibus,
641 4114 763 4174 quotque
790 4103 1014 4158 contentionibus
1040 4119 1073 4157 sc
1097 4098 1240 4152 laboribus

158 4170 333 4243 imperatorii
349 4174 457 4229 animus
475 4174 603 4240 volentis,
620 4174 740 4229 nolentis
758 4181 938 4238 exerceretur,
953 4185 1118 4247 possemque
1138 4167 1243 4240 privtti
