2908 4678
200 198 292 292 '536
453 292 458 301 ,
519 290 525 299 ,
584 230 898 297 annoannonrs
995 256 999 263 ·

203 389 314 451 siastici
329 409 394 471 cap.
410 387 482 465 34:
508 386 634 449 Somnia
652 389 801 451 extollrmt
818 388 1031 473 imprudentes,
1054 387 1143 474 qrrari
1160 386 1213 472 qni
1225 405 1289 467 ῳν

199 473 358 556 prehendit
376 472 514 532 umbram
538 485 567 531 ct
583 472 771 555 persequinrr
789 485 933 547 ecnnrm,
959 473 1003 532 sic
1029 484 1057 530 ct
1081 472 1135 555 qni
1155 468 1288 529 attendit

201 557 247 616 ad
261 556 427 629 insomnin3
448 556 554 615 multos
565 575 668 614 errare
682 552 821 634 fecerunt
841 559 956 615 somnia
975 567 1005 614 et
1024 554 1202 614 excidemur
1214 572 1289 633 spe·

202 652 303 700 rantes
323 638 445 701 ncilla.
488 639 529 698 Et
555 648 653 699 totum
677 634 844 713 somnium,
881 637 962 718 quod
997 636 1054 697 hoc
1084 634 1151 697 loco
1180 641 1288 694 narrat

204 721 439 796 Cantacuzenus‚
460 719 534 802 quid
555 720 612 779 nisi
642 722 792 785 somnium
815 720 895 780 luit?
937 719 997 781 Sed
1018 741 1056 780 an
1080 720 1206 779 somniis
1226 717 1285 775 lra-

201 804 300 867 benda
323 806 364 864 sit
381 803 476 881 fides,
499 803 596 885 deque
626 804 724 864 causis
753 824 894 864 verorum
914 804 1101 863 somniorum
1120 813 1150 863 et
1169 799 1286 883 quibus

200 889 294 968 signis
317 886 451 967 dignosci
487 895 600 969 queant
627 888 743 947 somnia
763 886 867 946 divina
888 907 908 946 a
927 885 1138 961 medicinis,
1159 885 1284 966 copiose

201 971 304 1031 docuit
327 968 504 1030 Benedictus
523 969 664 1031 Pererius
683 979 785 1030 noster
806 967 885 1030 libro
904 968 1036 1030 mundo
1057 967 1201 1029 adversus
1222 964 1286 1027 fal·

201 1051 281 1117 laces
301 1058 332 1113 et
351 1053 568 1135 supemtiticsas
588 1063 677 1130 artes,
699 1073 760 1134 quo
783 1051 925 1113 lectorem
945 1056 1089 1126 remitto,
1112 1062 1145 1112 ut
1165 1050 1204 1112 de
1224 1050 1286 1110 hoc

200 1134 352 1200 Mauuuis
372 1139 492 1197 somnio
510 1135 656 1197 iudicium
676 1136 777 1196 saciat.
801 1156 946 1200 carasca.

283 1218 574 1303 Pag.509,19.ut
599 1231 672 1280 cut
698 1219 813 1284 victi.
853 1219 967 1281 Vicisse
995 1237 1118 1300 magnos
1140 1237 1194 1277 car
1214 1213 1285 1275 lau·

200 1299 272 1363 alem
292 1303 402 1384 pariat,
423 1302 613 1362 manifestum
634 1312 681 1363 eat
702 1301 848 1362 cuilibetr
883 1301 936 1363 aed
958 1302 1073 1364 viuum
1093 1320 1156 1360 esse
1177 1320 1193 1358 a
1215 1319 1284 1357 ma·

201 1386 271 1467 gnis
289 1405 344 1445 cur
364 1384 474 1445 honori
494 1389 561 1447 est'l
602 1385 683 1461 Quia
704 1384 846 1446 videatur
879 1385 936 1466 ipsi
965 1405 1027 1445 non
1050 1381 1289 1465 qualescumque

200 1468 304 1545 famae,
327 1469 379 1549 qui
401 1489 462 1529 non
483 1488 501 1528 a
522 1465 735 1553 qualicumque
755 1479 807 1528 aut
827 1477 1014 1548 potuerunt,
1036 1477 1089 1527 aut
1111 1464 1287 1525 debuerunt

199 1551 284 1611 vinci
313 1561 405 1632 atque
425 1551 532 1612 occidi.
577 1551 682 1633 ltaque
702 1561 790 1634 putat
808 1552 909 1611 Lauso
930 1549 1043 1633 gloriae
1072 1547 1152 1629 apud
1184 1559 1289 1630 poste-¹

198 1654 251 1705 roa
270 1631 334 1693 line
355 1634 474 1695 Aeneas
494 1632 551 1695 lib.
570 1656 617 1699 ιο.
642 1633 778 1710 Aeneia„
799 1632 882 1716 quod
904 1632 943 1694 ab
963 1636 1065 1695 Aenea
1086 1634 1287 1712 interemptus

198 1718 247 1785 sit.
291 1715 365 1781 Hoc
387 1730 491 1777 tannen
518 1713 634 1800 infelix
658 1718 797 1778 miseram
818 1712 954 1777 solabere
983 1729 1130 1777 morem:
1159 1713 1286 1775 Aeneae

199 1802 305 1882 magni
329 1798 442 1860 dextra
462 1799 555 1863 cadis.
598 1799 634 1859 In
656 1820 747 1881 quem
767 1818 889 1861 versum
921 1798 1008 1883 lege,
1028 1818 1106 1883 quae
1133 1794 1230 1873 multa
1253 1797 1287 1858 ia

198 1880 343 1968 symbolis
363 1883 475 1944 nastris
496 1881 684 1943 adduximus.
706 1901 838 1945 conara.

283 1967 363 2046 Pag.
387 1963 458 2044 518,
489 1964 537 2027 ru
563 1962 794 2044 Selybriam
821 1963 956 2048 primo
994 1966 1145 2049 impetu
1170 1965 1286 2046 cepit·

198 2048 277 2112 Post
308 2048 384 2108 haec
410 2048 504 2110 verba
538 2050 570 2108 ia
592 2049 709 2121 Graeco
741 2047 845 2109 codice
873 2069 969 2131 parva
990 2042 1100 2109 lacuna
1119 2056 1186 2124 est3
1219 2045 1285 2107 sor·

198 2142 282 2195 taam
300 2129 388 2215 plura
408 2131 521 2214 oppida
548 2140 602 2194 aut
629 2151 727 2194 unum
745 2128 852 2194 saltem
878 2130 1048 2193 alterumve
1081 2129 1285 2191 nominaban-

199 2226 261 2284 tur.
282 2235 415 2278 roacar-
1268 2219 1275 2227 ’

283 2299 364 2379 Pag.
381 2298 515 2441 5321?
537 2294 613 2359 otti
632 2291 798 2380 πυρφόρος
818 2292 1027 2363 inclitarum.
1060 2297 1162 2360 Etiam
1181 2297 1285 2379 quiin

198 2384 267 2445 acie
282 2383 383 2464 ignem
403 2402 476 2462 prae
487 2381 623 2457 erebant,
637 2376 799 2462 πυρφόροι
821 2380 1007 2446 dicebantur.
1047 2381 1177 2443 Narnia
1199 2401 1288 2442 more

197 2464 408 2546 fuitpriscis,
435 2474 471 2525 nt
491 2473 575 2527 vates
604 2465 747 2525 exercitui
771 2466 922 2544 praeiret,
958 2463 1045 2526 lauro
1065 2474 1225 2525 coronatus
1246 2484 1285 2527 ac

196 2546 294 2608 facem
315 2556 456 2633 gestapse
485 2547 517 2606 in
537 2567 630 2628 quem
666 2550 780 2610 terrum
808 2549 974 2631 stringere,
1000 2558 1036 2609 ut
1060 2547 1211 2608 bominem
1233 2568 1283 2607 sa·

196 2649 304 2704 crum,
336 2630 418 2690 nefas
446 2628 628 2690 habebatur.
677 2629 770 2692 Unda
804 2631 977 2712 paroemia,
1010 2620 1087 2692 οόόὲ
1118 2625 1285 2712 πυρφόρος

194 2710 355 2795 ἐλείφθη,
376 2733 439 2796 quo
458 2711 665 2796 significatur,
695 2732 800 2774 omncs
820 2713 850 2773 in
870 2713 985 2797 proelio
1006 2713 1172 2775 trucidatos
1193 2713 1287 2773 luisse

195 2795 235 2861 ad
254 2817 375 2873 unum,
407 2796 505 2869 adeo,
535 2805 571 2856 ut
593 2818 632 2858 ne
652 2796 679 2858 ei
709 2797 832 2880 quidem
865 2797 1072 2881 pepercerint,
1100 2799 1153 2879 qui
1182 2804 1283 2873 ignem

194 2879 407 2961 praelerebat..
433 2878 530 2940 Plura
564 2879 725 2943 thesaurus
754 2880 898 2960 Stephani
933 2882 980 2941 in.
998 2901 1074 2943 voce
1104 2876 1282 2962 πυρφόρος.

194 2961 246 3024 Ad
269 2961 345 3025 allas
363 2963 608 3045 porro'insignes
627 2962 833 3039 calamitates,
856 2963 967 3046 quibus
987 2962 1096 3047 aliquis
1117 2965 1148 3024 in
1171 2985 1206 3025 ao
1230 2983 1283 3043 ge·

194 3045 414 3113 nerelunditus
432 3047 556 3128 periret.
577 3045 758 3108 translatum
777 3046 867 3111 luisse
888 3048 1039 3147 adagium,
1060 3046 1220 3108 historicus
1234 3049 1284 3105 in·

193 3126 299 3206 dicat,
324 3129 400 3193 dum
430 3132 495 3212 ait,
530 3120 552 3189 ό
575 3148 675 3215 φασιν
704 3127 759 3191 snt
785 3129 849 3191 τῶν
877 3135 1023 3212 μεγαλωο
1054 3121 1280 3212 erumpitur.

191 3228 330 3275 torrae.
475 3230 480 3235 ·
617 3230 621 3237 ·

171 3358 174 3373 ¹
276 3292 514 3375 Papsasstt.
543 3294 843 3360 illacrimarit.
883 3294 967 3358 Mitis
996 3294 1090 3357 animi
1118 3315 1281 3378 argumen-

190 3383 269 3450 tum,
290 3377 381 3437 etiam
395 3377 528 3438 hostium
547 3375 719 3439 calamitate
739 3390 792 3439 aut
814 3390 911 3441 morte
932 3378 1046 3458 dolere,
1071 3383 1166 3441 immo
1185 3390 1216 3440 et
1235 3378 1282 3439 la·

189 3459 295 3527 erinna
322 3478 414 3541 super
444 3479 480 3520 ea
499 3480 562 3521 aon
584 3480 671 3539 posse
700 3459 861 3522 abstinero.
902 3463 989 3524 Fecit
1022 3463 1079 3525 hoc
1112 3461 1285 3524 Alexander

192 3561 320 3622 magnus
340 3544 374 3603 in
396 3552 495 3603 morte
529 3543 630 3603 uxoris
652 3543 739 3603 Darii
762 3543 876 3619 hostis,
909 3546 1034 3609 Curtius
1055 3546 1108 3607 lib.
1123 3544 1155 3625 4.
1196 3546 1284 3606 Fecit

189 3623 354 3693 Marcellus
392 3627 488 3706 captis
513 3625 694 3709 Syracusis,
736 3627 874 3689 Annibal
904 3650 996 3711 super
1028 3651 1102 3691 nece
1134 3628 1304 3692 Marcelli.'

189 3707 324 3783 Zonaras
357 3708 396 3770 de
418 3710 582 3771 Constante
612 3710 789 3792 imperatore
811 3712 842 3772 3.
862 3711 994 3779 Annal:
1036 3734 1131 3792 „cum
1161 3711 1285 3772 tumulo

187 3791 324 3873 quodam
360 3812 527 3855 conscenso
573 3793 740 3855 subiectam
770 3792 927 3876 planitiem
953 3796 990 3856 'et
1017 3793 1286 3877 praeterfluentem

188 3894 311 3961 amnem
334 3875 530 3938 cadaveribus
550 3875 640 3958 plena
659 3878 792 3953 vidisset,
814 3880 846 3938 in
868 3878 1040 3942 manifestas
1060 3881 1159 3962 erupit
1191 3878 1283 3939 lacri-

187 3976 272 4035 mas,
294 3978 357 4020 aon
377 3970 441 4021 tam
459 3962 587 4022 victoria
618 3964 743 4038 (contra
770 3961 978 4043 Magnentium
999 3962 1185 4048 tyrannum)
1218 3962 1285 4025 lae-

167 4049 281 4116 tatus,
303 4062 397 4124 quam
417 4042 459 4103 ob
488 4064 646 4104 caesorum
675 4044 833 4104 interitum
854 4058 1000 4108 moestus.
1042 4048 1123 4107 Nam
1148 4065 1218 4106 cum
1242 4044 1284 4105 ad

189 4126 344 4210 octoginta
364 4124 462 4193 nuta
480 4125 617 4209 haberet,
638 4118 691 4191 ad‘
699 4129 824 4215 triginta
846 4127 942 4195 millia
962 4129 1124 4196 cecidisse:
1153 4128 1192 4195 de
1212 4129 1284 4195 aaa·
