2900 4676
252 298 337 385 520
628 320 941 387 amnesamnes

246 472 1333 643 insufficientissime

246 647 319 709 dent
329 660 357 706 et
369 644 503 718 adme,
515 641 692 718 conceditur,
702 653 735 700 ut
746 640 819 701 licet
833 639 963 738 homines
977 640 1140 724 despios'tmt
1149 642 1332 721 signasad.

245 723 903 874 tetstt‘hlmtttstltt
914 722 1330 890 lltfflz‘tpltlllf

245 896 403 956 nescientes
413 891 490 978 qaid
507 889 660 968 dicemus,
679 903 709 951 et
726 890 849 953 Plamo
865 903 896 949 et
913 888 949 949 N
984 889 1186 951 uchodonosor
1204 894 1329 953 somniis

232 979 349 1060 fiam
370 986 553 1056 cognosaou.
597 973 682 1035 Idem
697 971 786 1034 docet
808 971 846 1033 de
866 971 1019 1054 prophetis
1037 972 1068 1033 S.
1090 972 1223 1034 Thomas
1247 992 1277 1039 a.
1294 995 1327 1041 a.

244 1068 362 1144 quaest.
381 1057 522 1141 172.a.6·.
536 1055 575 1118 ad
592 1067 658 1122 1.et
669 1077 700 1119 a.
722 1054 814 1138 Apud
833 1056 981 1117 lustinum
995 1077 1026 1116 m
1096 1076 1158 1116 rem
1181 1060 1330 1139 proponi·

244 1153 298 1204 tur
323 1141 398 1204 haec
420 1141 555 1229 quaestio
584 1138 636 1202 lib.
667 1140 790 1218 Quaeri.
818 1149 849 1200 et
871 1140 1015 1221 Respons.
1045 1159 1063 1199 a
1106 1138 1326 1201 orthodoxos:

243 1224 286 1288 Si
298 1226 497 1306 oesflrtwsu,
521 1223 615 1284 velasti
635 1222 780 1285 mmmm
798 1223 943 1283 uictorias
962 1237 992 1283 et
1013 1223 1177 1307 trophaeo,
1199 1223 1327 1284 hostiam

243 1310 423 1371 mmmmm
448 1321 478 1368 et
499 1308 613 1367 wlisoo
628 1326 689 1391 per
711 1327 782 1383 eos,
804 1307 870 1388 ¹qai
889 1306 963 1366 illos
986 1316 1213 1389 oppugnarint,
1237 1328 1324 1366 even

201 1400 206 1413 ’
243 1395 358 1465 εὼηεε,
377 1390 596 1476 praedixerunt
613 1389 777 1473 prophetae
799 1400 831 1449 et
845 1388 990 1472 apostoli,
1016 1387 1236 1472 praedicerent
1251 1410 1327 1474 qem-

327 1473 509 1537 Groeoonon
532 1473 722 1533 oraculorum
748 1492 907 1555 responsa:
943 1469 1021 1532 wide
1047 1474 1182 1552 cognosci
1205 1485 1330 1556 potest,

241 1497 300 1619 lii
313 1569 429 1618 nostros
450 1556 559 1617 alienis
585 1556 647 1616 illis
676 1575 737 1616 esse
758 1555 1011 1640 praestantiores,
1039 1574 1106 1616 cam
1133 1555 1173 1615 ob
1200 1567 1330 1639 waqrse

235 1653 328 1726 parte
342 1641 522 1719 suariorum
538 1638 764 1725 ‘praedictiones
792 1638 951 1699 mnemia.
991 1636 1042 1697 Ad
1062 1656 1154 1719 quam
1172 1640 1330 1719 quaestm.

240 1742 314 1784 nem
333 1721 393 1783 hoc
412 1741 588 1805 responsum
608 1720 720 1782 datur:
751 1719 894 1783 Eiusdem
923 1719 986 1782 Dei
1014 1720 1087 1781 haec
1107 1733 1174 1781 snat
1197 1722 1329 1800 omnia,

240 1816 307 1865 arm
335 1806 503 1893 praedictio
530 1804 711 1881 uerborum,
739 1824 830 1889 qaam
851 1817 969 1865 evertes
991 1824 1111 1864 serame
1140 1804 1195 1888 qui
1214 1816 1246 1863 et
1269 1824 1332 1887 per

233 1898 360 1950 'sanctos
370 1890 534 1976 prophetas
549 1900 636 1972 atquae
650 1888 815 1972 apostolos,
832 1907 907 1971 quoe
915 1888 1029 1967 fiction
1044 1898 1147 1960 erant,
1163 1886 1330 1968 pmeloew

240 1983 286 2032 ms
310 1984 371 2051 est,
392 1985 423 2032 et
440 1992 499 2056 per
519 1991 570 2031 eos
590 1969 712 2049 itidem,
730 1973 784 2055 qui
808 1991 829 2030 a
851 1991 925 2031 vera
950 1970 1093 2049 religione
1115 1981 1182 2030 mot
1207 1969 1325 2045 atam,

239 2054 466 2139 quaesocturus
477 2054 598 2134 ficerat,
642 2054 848 2116 memoravit.
888 2049 1149 2137 Qrtemadomdwn
1170 2054 1251 2112 enim
1268 2073 1332 2135 pes·

238 2151 342 2199 votem
364 2138 500 2200 Balaam
527 2076 641 2199 Israel?
661 2136 832 2214 benedixit,
863 2137 989 2196 bostrum
1010 2149 1109 2197 mrtem
1136 2135 1327 2196 clamate-

238 2218 343 2298 aaa,
361 2234 515 2305 nouosque
531 2241 605 2281 vem
619 2241 680 2304 per
692 2222 975 2297 serumfidurarum
1012 2218 1222 2279 medictionem
1228 2219 1328 2297 fecit:

147 2380 149 2389 Ι
238 2302 389 2364 itaetiam
404 2325 464 2389 per
487 2304 663 2365 vaticinium
685 2304 749 2385 tegi
773 2302 937 2381 Babylona
993 2301 1248 2363 abnclodonosori
1271 2323 1330 2362 oa·

232 2382 382 2473 ps'enelaris
417 2406 477 2447 esse
506 2385 697 2446 Hermoclem
728 2385 984 2473 pmess'gnsficooic
1013 2395 1069 2452 etc.
1117 2383 1274 2445 Similiter
1298 2397 1331 2446 et

231 2482 388 2555 pernota
413 2470 562 2546 Graecos,
587 2487 791 2551 quoecumque
816 2483 920 2533 eventu
943 2468 989 2529 ad
1013 2489 1077 2529 rem
1097 2468 1211 2529 collata
1235 2480 1331 2544 soit,

234 2552 299 2634 ipse
310 2555 575 2637 praemonstravit.
617 2552 717 2634 Pergit
737 2552 846 2614 <lande
867 2551 1007 2634 pluribus
1034 2550 1208 2625 ostendere,
1238 2549 1330 2611 mul·

123 2643 127 2651 ’
235 2643 304 2693 tum
323 2633 505 2696 discriminis
530 2637 610 2696 inter
640 2636 802 2721 prophetas
823 2637 881 2696 Dei
902 2645 934 2696 et
960 2633 1093 2717 reliquos
1122 2642 1207 2695 vates
1233 2653 1329 2711 esse,

228 2726 315 2798 'quae
328 2714 500 2779 adscribere
518 2717 594 2778 nihil
614 2738 701 2800 opus.
740 2718 833 2779 Nobis
852 2719 925 2780 satis
946 2729 1003 2797 est,
1036 2738 1071 2778 ex
1099 2716 1250 2778 sententia
1272 2736 1334 2777 seu

234 2798 347 2862 lustini
367 2821 420 2862 seu
435 2800 557 2864 alterius
571 2803 687 2883 antiqui
709 2802 862 2884 scriptoris
873 2845 884 2882 ‚
895 2801 1010 2863 donum
1023 2798 1208 2864 vaticinandi
1228 2800 1333 2860 etiam

234 2901 256 2944 a
274 2904 348 2947 vera
367 2883 426 2945 lide
445 2883 551 2947 alienis
570 2884 700 2946 conferri
720 2906 809 2966 posse
829 2895 860 2948 et
880 2884 987 2946 solere.

318 2968 591 3029 verumenimvero
611 2970 732 3029 tametsi
752 2967 827 3030 haec
846 2970 889 3028 ita
911 2989 943 3029 se
962 2965 1112 3041 habeant,
1124 2985 1186 3025 non
1207 2963 1332 3028 dubito

233 3058 337 3111 tamen
350 3049 494 3133 pleraque
504 3070 522 3111 a
532 3050 727 3113 schismaticis
744 3052 808 3112 istis
823 3049 862 3112 de
873 3049 1023 3111 miraculis
1037 3060 1067 3111 et
1081 3050 1231 3110 vaticiniis
1246 3070 1335 3131 pro-

234 3132 318 3210 dita,
337 3134 561 3212 commentitia,
583 3153 679 3209 vana,
703 3134 832 3196 fanatica
859 3134 1041 3217 malignique
1062 3133 1183 3214 spiritus
1286 3136 1293 3148 ‘

233 3211 385 3293 ludibria,
396 3218 506 3297 partim
525 3226 604 3277 artes
624 3227 655 3278 et
672 3217 796 3279 technas
807 3217 923 3295 luisse,
939 3227 974 3277 ut
994 3220 1065 3277 istos
1085 3218 1117 3276 in
1132 3144 1334 3277 unffi

234 3307 288 3378 pto
311 3308 342 3358 et
358 3309 496 3380 suscepto
517 3300 676 3361 schismate
696 3321 753 3382 per
782 3300 1000 3362 ludificationes
1026 3301 1096 3359 istas
1117 3300 1267 3358 retineret
1289 3320 1335 3361 ae

233 3378 437 3443 confirmaret.
478 3381 705 3443 Certum-enim
725 3393 788 3461 est,
810 3384 969 3445 daemones
986 3379 1117 3443 naturali
1136 3382 1168 3440 vi
1194 3391 1226 3441 et
1248 3402 1334 3462 per-

233 3462 405 3545 spicacitate
437 3462 534 3526 multa
561 3485 671 3542 noem,
703 3486 781 3546 quae
809 3465 967 3528 hominum
999 3467 1152 3527 scientiam
1176 3463 1332 3545 fisgiunt,

233 3567 329 3629 eaque
348 3545 469 3609 famulis
487 3550 549 3609 anis
567 3547 735 3631 patefacere
753 3569 862 3631 posse,
892 3560 929 3611 nt
945 3547 1109 3633 prophetae
1128 3559 1335 3627 appareant,

232 3650 304 3691 cum
325 3630 389 3691 veri
413 3631 576 3713 prophetae
594 3652 656 3692 non
676 3633 753 3705 sint,
784 3644 821 3694 nt
843 3632 932 3694 docet
952 3642 1072 3694 sancnss
1090 3628 1224 3691 Thomas
1248 3628 1333 3693 loeo

231 3713 324 3795 paulo
347 3724 417 3774 ante
436 3716 601 3776 nominato.
642 3714 767 3776 &mum
794 3727 949 3797 praeterea
975 3725 1037 3790 est,
1066 3713 1249 3775 daemomm
1279 3715 1337 3776 ob

232 3794 420 3858 occultarum
448 3799 633 3861 naturalium
662 3818 767 3860 rerum
786 3801 849 3860 vim
881 3810 911 3861 et
944 3799 1096 3881 energiam
1135 3795 1192 3857 sibi
1217 3817 1337 3878 quam

231 3879 345 3961 optime
366 3892 551 3963 perspectam
570 3891 601 3943 et
623 3881 829 3965 exploratam,
850 3881 946 3944 multa
966 3892 1090 3965 patrare
1107 3898 1212 3963 posse,
1236 3900 1339 3962 quae

230 3961 378 4025 miracula
401 3965 560 4042 videntur,
583 3985 646 4025 non
665 3967 738 4046 quia
756 3963 830 4026 talia
849 3976 935 4039 suut,
971 3965 1025 4026 sed
1044 3965 1115 4046 quia
1134 3962 1336 4026 hominibus

231 4048 335 4127 ignota
352 4057 443 4108 sunt:
475 4045 515 4109 de
545 4068 607 4129 quo
634 4049 753 4128 copiose
785 4059 907 4111 scamus
927 4046 1062 4109 Thomas
1082 4046 1134 4110 lib.
1152 4046 1181 4110 5.
1205 4057 1338 4111 eontra

232 4132 322 4191 Gent.
342 4150 408 4212 cap.
424 4130 489 4190 105.
509 4138 540 4190 et
558 4130 697 4194 nonnihil
718 4131 808 4193 etiam
835 4152 860 4192 ι.
879 4154 910 4214 p.
930 4153 961 4213 q.
980 4152 1044 4192 110.
1068 4151 1097 4191 a.
1114 4130 1146 4206 4.

313 4211 378 4273 Nec
398 4210 477 4275 male
498 4226 622 4277 monent
646 4216 798 4298 doctores,
830 4216 913 4301 qnod
930 4215 969 4279 sd
989 4213 1163 4300 prophetias
1183 4232 1335 4277 amano-
