2926 4684
455 346 738 413 utsnourauuu
768 350 821 408 1v.
854 351 905 414 ιε.
1151 315 1205 404 85

118 500 248 580 λεμίων.
289 493 324 575 dc
345 498 390 574 εἰς
413 497 564 565 diuisurus
583 497 698 583 ἐλθών,
719 498 937 587 περιεποίησεν
952 495 1282 582 αότην“Ρωριαι’-Δ.0.
1297 506 1363 574 ciii
1442 492 1443 495 ¹

118 622 165 675 οις
186 592 266 684 ῶχρι
286 601 346 664 νῦν
364 604 582 683 κατεχομένην.
929 662 935 675 ,

201 696 253 783 cy'.
290 699 377 764 Ἐπεί
398 701 433 763 δέ
453 698 511 764 καί
531 701 778 784 Πελοπόννησος
797 701 977 787 ,διέφθαρτο
1006 697 1240 765 παντόπασινι)

119 797 158 863 eri
187 798 285 880 μόνον
311 794 373 865 int
403 802 466 863 τῶν
492 804 634 886 Περσῶν
662 800 788 876 στόλοις
811 797 961 883 μεγάλοις
980 796 1133 865 ἐπιόντων
1154 799 1209 863 καί
1258 794 1263 809 '

93 893 184 963 tino*
217 900 365 964 Λατίνων
394 900 458 967 τῶν
477 898 536 977 τόν
555 903 632 986 παρ’
645 895 790 985 Ἕλλησιν
806 896 946 983 Ἀχαίαν
965 902 1132 983 λεγομένην
1153 923 1209 962 κα-

118 1000 291 1082 τεχόντων,
323 996 470 1083 όπηκόων
500 991 598 1065 όντων
625 1004 791 1087 πρίγγιπι,
825 999 905 1066 ἀλλὰ
933 999 1125 1080 καὶμᾶλλον
1144 995 1208 1060 dud
1300 1014 1317 1055 s

119 1102 213 1184 σφῶν
233 1099 352 1180 αότῶν,
374 1100 524 1184 διηνεκῶς
543 1099 691 1186 ἀλληλοις
711 1102 1027 1181 ἀντικαθισταμένων
1046 1096 1102 1162 καὶ
1120 1099 1209 1181 διαρ-

121 1199 285 1276 παζόντων
316 1196 358 1261 τό
380 1192 524 1282 ἀλλήλων
544 1201 601 1263 καί
620 1201 874 1282 όποκτεννόντων,
895 1199 952 1264 καί
971 1202 1074 1280 κῶμαι
1094 1199 1153 1278 μὲν
1174 1197 1211 1258 α’-

117 1300 271 1380 τείχιστοι
293 1294 356 1361 rino*
380 1300 444 1361 τῶν
466 1294 585 1376 ἔξωθεν
607 1296 782 1364 όνόλωνται
803 1301 977 1381 πολεμίων,
998 1295 1033 1362 αἱ
1051 1296 1156 1373 πόλεις
1176 1298 1212 1360 δὲ

73 1390 182 1461 rotat
202 1398 266 1461 τῶν
285 1391 504 1479 ένυικοόντων,
527 1399 582 1462 καί
600 1399 783 1465 παντάπασι
802 1400 1034 1484 προσεδοκῶντο
1055 1399 1209 1463 ἐκλιπεῖν·

117 1491 271 1580 πρόνοιόν
291 1519 363 1561 τινα
384 1494 491 1559 αότῶν
509 1495 707 1581 ποιήσασθαι
728 1498 882 1579 ἐσκέψατο
898 1494 1088 1580 όβασιλεός.
1109 1499 1210 1580 μείζω
1218 1515 1245 1575 Ρ,
1256 1519 1304 1587 75¹

117 1596 156 1659 δὲ
183 1595 242 1658 oris
264 1594 349 1677 ἔχων
355 1643 366 1676 ,
397 1592 450 1659 τόν
470 1591 539 1659 υἱόν
559 1593 683 1678 ἔπεμψε
701 1592 855 1682 δεσπότην
874 1597 930 1663 τόν
953 1594 1114 1681 Musunii.
1138 1621 1209 1681 τρι-

114 1693 249 1776 ήρεσιν,
279 1684 413 1778 ἄρξοντα
443 1697 705 1780 Πελοποννησίων
735 1700 791 1762 καί
818 1693 969 1782 πρόνοιαν
997 1692 1208 1780 ποιησόμενον

114 1789 178 1876 την
191 1787 337 1877 δυνατήν.
364 1788 400 1867 ὃς
413 1790 516 1857 ε’λδιόν
545 1794 655 1878 πρῶτα
672 1797 734 1876 μέν
752 1793 809 1872 τός
829 1797 1007 1882 ἐμφυλίους
1026 1793 1119 1862 ἔλυσε
1133 1792 1208 1861 στό-

69 1886 204 1973 abacta,
224 1888 298 1966 τοός
318 1915 352 1955 τε
372 1889 515 1976 πρώτους
536 1893 734 1977 ἀρχομένους
754 1896 912 1977 κολόζων,
937 1891 1043 1979 ῶσπερ
1070 1895 1208 1974 δίκαιον,

116 1986 175 2054 καί
194 1986 271 2065 eosic
290 1981 406 2066 ἄλλους
427 1990 573 2076 ἐκφοβῶν
589 1989 636 2076 μη
657 2002 724 2069 τοῖς
745 1990 869 2076 όμοίοις
893 1996 1059 2077 ἐγχειρεῖν.
1099 1990 1210 2057 ἔπειτα

115 2089 155 2153 δὲ
171 2089 229 2151 καί
247 2084 327 2172 πρὸς
352 2091 516 2165 Λατίνους
542 2092 676 2173 θέμενος
706 2091 865 2175 σπονδός,
893 2094 1046 2176 α’βλαβεῖς
1068 2092 1142 2170 τούς
1164 2095 1210 2157 os'·

116 2189 221 2263 κεόιυς
245 2188 279 2263 ἐξ
298 2188 424 2253 ἐκείνων
448 2188 605 2276 διετήρει,
634 2194 690 2258 καί
719 2190 799 2279 πρός
818 2190 893 2269 πυός
918 2191 1102 2278 βαρβάρους
1124 2188 1210 2257 όντι-
1267 2262 1270 2269 ,

117 2286 350 2369 καθιστάμενος
379 2286 435 2353 καί
457 2286 582 2374 μόχαις
600 2296 732 2367 πολλοῖς
751 2290 899 2376 νικήσας,
928 2289 1033 2355 ἔπεισε
1059 2286 1104 2375 μῆ
1125 2292 1209 2354 πάνυ
1263 2350 1268 2359 .

68 2409 110 2451 ao
118 2387 384 2471 Πελοποννησίων
400 2398 617 2475 καταφρονεῖν.
638 2393 672 2468 ἐξ
693 2382 738 2455 ῶν
759 2391 797 2455 αἲ
812 2413 848 2455 τε
869 2389 977 2465 πόλεις
997 2387 1208 2478 όνεῤῥῶννυν·

116 2510 156 2550 το
175 2486 230 2552 καί
249 2482 354 2573 ῶσπερ
377 2486 549 2575 όναφέρειν
567 2491 602 2554 ἐκ
624 2488 771 2577 μεγόλων
793 2492 967 2577 συμφορῶν
987 2489 1133 2573 ἐδόκουν,
1155 2492 1210 2557 καί

117 2584 141 2670 ἦ
158 2580 253 2672 χῶρα
277 2589 497 2675 συνιρκιζετο,
510 2587 619 2666 ἀδείας
640 2585 736 2676 οόσης
757 2597 822 2666 τοῖς
843 2591 954 2676 α’γροῖς
976 2594 1236 2678 ἑνδιατριβειν,3

116 2688 176 2751 καί
202 2685 223 2772 ἦ
253 2688 389 2749 Σκυθῶν
410 2687 586 2774 έρημοτέρα
606 2686 846 2774 Πελοπόννησος
879 2690 914 2754 ἐν
935 2690 1029 2779 όλίγῳ
1047 2686 1154 2779 χρόνῳ
1175 2692 1209 2756 ἐ-

191 2800 217 2852 b.
236 2793 458 2853 όποκτενόντων
474 2798 511 2850 tt.

119 2897 218 2953 stabat
255 2900 307 2953 llic
331 2901 485 2953 Phocaeam
507 2902 637 2967 veniens,
656 2918 718 2956 eam
733 2900 764 2954 in
780 2902 835 2956 fide
852 2904 1033 2958 Romanorum
1054 2922 1140 2978 usqne
1159 2905 1210 2959 ho·

118 2971 167 3024 dis
183 2973 359 3025 conservavit.
485 3016 490 3028 .
850 3036 855 3045 .

193 3045 233 3096 rs.
270 3041 412 3113 Quoniam
432 3059 498 3098 vcro
526 3050 555 3097 et
580 3042 785 3111 Peloponnesus
808 3044 921 3100 omnino
950 3045 1112 3098 labefactata
1141 3054 1209 3110 erat,

117 3129 177 3166 non
197 3130 213 3165 s
234 3113 323 3167 Persis
340 3115 444 3177 solnm,
462 3114 596 3169 classibus
622 3117 725 3182 magnis
745 3134 805 3170 eam
827 3116 1033 3181 invadentibus,
1053 3126 1081 3171 et
1099 3135 1115 3168 a
1133 3119 1210 3171 Lati-

117 3185 172 3247 uis,
191 3199 273 3305 poam
295 3184 391 3238 Graeci
411 3187 541 3241 Achaiam
558 3193 665 3247 vocant,
684 3188 879 3258 occupantibus
897 3194 926 3239 ct
953 3188 1072 3257 principi
1091 3207 1140 3241 suo
1159 3208 1209 3259 pa-

117 3256 194 3308 renti
216 3273 256 3317 ns,
275 3255 323 3307 sed
336 3259 429 3319 etiam,
442 3266 471 3309 et
501 3256 592 3308 uidem
605 3257 733 3327 amplius,
747 3276 763 3310 a
775 3258 946 3327 semetipsis,
961 3261 1135 3312 continenter
1147 3277 1208 3312 mss-

117 3334 168 3379 tuo
187 3325 424 3394 belligerantibus,
442 3327 650 3398 diripientibus,
670 3327 873 3382 occidentibus:
893 3337 921 3382 et
938 3329 990 3381 sici
1011 3330 1096 3380 muris
1114 3346 1209 3382 caren-

117 3403 160 3451 tes
180 3396 217 3447 ab
238 3399 360 3450 externis
376 3396 520 3461 hostibus,
539 3397 620 3452 urbes
639 3404 730 3452 antem
750 3417 765 3452 a
781 3400 886 3453 civibus
905 3400 1003 3452 incolis
1020 3399 1209 3460 vastabantur,

117 3476 150 3521 nt
166 3467 203 3518 ab
222 3474 343 3519 extrema
359 3470 482 3539 pernicie
499 3487 556 3523 non
576 3468 671 3537 procul
689 3468 784 3522 abesse
795 3471 963 3533 viderentur,
980 3485 1071 3521 curam
1087 3471 1209 3541 aliquam

117 3540 159 3590 eis
178 3537 352 3607 impendere·
365 3541 513 3609 imperator
536 3539 674 3608 cogitavit
709 3540 844 3593 Maiorem
870 3548 961 3593 antem
987 3540 1076 3590 lilium
1095 3539 1131 3591 ad
1154 3558 1210 3592 nsa-

118 3628 185 3662 num
206 3626 263 3662 non
281 3607 404 3673 babens,
430 3611 578 3678 minorem,
597 3626 695 3679 nempe
715 3610 870 3664 Mauortem
889 3608 1046 3679 despotam‚
1070 3626 1130 3662 cum
1156 3611 1208 3663 tri-

120 3680 242 3733 remibus
260 3687 413 3750 praetorem
422 3681 624 3751 Peloponnesiis
642 3681 735 3744 misit,
752 3700 801 3752 pro
820 3679 896 3735 virili
914 3682 948 3734 iis
966 3680 1207 3735 commodaturum.

119 3750 177 3821 Qui
199 3759 265 3803 ante
285 3752 377 3803 omnia
393 3751 487 3804 civiles
507 3750 661 3804 discordias
680 3754 801 3815 sanarit,
812 3752 916 3821 punitis
935 3768 1027 3806 earnm
1038 3788 1047 3813 ‚
1059 3758 1090 3803 ut
1107 3750 1208 3812 decuit,

120 3821 280 3875 auctoribus
300 3828 329 3872 et
348 3823 450 3874 territis
468 3822 547 3883 aliis,
574 3838 610 3877 ne
629 3824 731 3875 similia
757 3831 927 3876 conarentur.
964 3822 1059 3873 Postea
1077 3837 1138 3874 cnm
1158 3824 1209 3875 ta-

120 3893 187 3945 tinls
210 3892 323 3945 loedere
341 3895 509 3960 composito,
537 3910 600 3947 suos
627 3892 662 3944 ab
689 3910 783 3945 eorum
809 3892 928 3945 servavit
950 3892 1079 3953 iniuriis,
1098 3899 1208 3943 etcum

120 3962 246 4014 barbaris
268 3965 328 4016 acie
346 3962 523 4031 congrediens
542 3978 574 4013 ac
591 3979 672 4033 saepe
690 3965 801 4016 vincens
819 3962 926 4024 effecit,
951 3979 986 4015 ne
1013 3965 1052 4015 ita
1071 3961 1208 4031 Pelopon·

121 4049 224 4085 nenses
251 4041 467 4087 contemnerent.
504 4032 613 4103 Quibus
637 4050 671 4085 ex
697 4034 779 4087 rebus
797 4041 827 4087 et
843 4036 968 4087 ciuitates
988 4034 1116 4103 pristinas
1138 4034 1209 4086 sires

122 4103 312 4173 recipiebant,
340 4112 369 4156 et
392 4123 427 4156 en
452 4106 556 4175 magnis
576 4104 780 4157 calamitatibus
798 4102 970 4172 respirabant
988 4102 1210 4173 quodammodo,

123 4183 151 4227 et
170 4174 242 4242 agris
259 4182 337 4245 parta
359 4174 505 4230 securitate
523 4175 598 4247 regio
617 4174 765 4229 domiciliis
783 4173 1029 4245 frequentabatur,
1049 4191 1080 4224 ac
1099 4172 1211 4224 demum
1311 4210 1316 4217 .

122 4244 328 4316 Peloponnesus
348 4245 460 4316 Scythia
478 4246 628 4310 desertior,
646 4246 724 4300 brevi
742 4247 815 4299 culta
833 4246 997 4316 apparebat,
1016 4243 1143 4310 beneque
1158 4241 1211 4293 ba·
