2978 4678
376 288 473 421 'su
503 331 782 398 muraenam
811 332 885 397 aro.
915 335 940 395 1.
1140 305 1229 421 369

152 492 259 565 fertur,
278 490 371 573 idque
389 511 465 573 opus
484 491 517 551 ia
540 489 657 552 Veneta
681 487 864 550 bibliotheca
887 497 1002 550 exstare
1023 487 1145 553 dicitur.
1184 492 1231 555 Ut

154 574 202 635 ita
217 577 378 656 praeterita
398 578 462 636 eiua
477 575 588 656 scripta
610 592 680 633 cum
698 569 817 645 suturis,
838 572 955 634 minora
970 592 1039 635 cum
1055 575 1231 656 maioribus,

153 659 179 719 ei
198 659 331 718 sruotum
349 669 476 739 spectes,
492 664 721 736 componantur.
741 670 872 715 morsu.

245 740 369 822 Pupp,
389 761 414 800 1.
434 740 651 882 possintne
676 738 856 798 homines
883 736 1048 800 illorum
1074 741 1232 803 amussi.

154 819 238 881 Haec
259 823 416 883 adversum
457 824 562 898 toioos,
588 830 622 880 ut
635 820 709 880 mihi
726 818 858 894 videtur,
879 822 932 900 qui
951 824 1114 903 sapientem
1137 823 1232 884 insor-

155 915 255 980 mant,
278 905 376 985 qualis
396 924 551 987 nunquam
571 903 691 974 exstitit,
713 901 793 984 quod
808 899 930 983 quidem
950 904 981 962 in
1002 903 1130 967 Senecae
1147 904 1233 968 libris

155 984 318 1048 clarissime
337 987 406 1048 iicet
426 989 609 1070 perspicere,
631 987 826 1046 cuiuatamen
847 986 910 1044 vita
922 984 1041 1046 mollior
1055 986 1133 1049 fuit:
1156 990 1232 1050 adeo

155 1068 274 1129 ieciiius
296 1081 340 1130 est
362 1090 470 1153 magna
491 1081 520 1130 et
541 1067 687 1129 mirabilia
704 1068 826 1140 dicere,
847 1086 939 1149 quam
958 1068 1066 1130 facere.
1108 1070 1234 1131 Plutar-

157 1152 244 1228 chus,
263 1172 436 1234 quanquam
453 1162 484 1213 et
505 1153 569 1233 ipse
590 1150 718 1227 Stoicus,
739 1149 822 1209 haud
842 1169 936 1233 aeque
951 1152 1064 1233 rigidus
1084 1162 1136 1215 est.
1158 1154 1234 1215 Put-

158 1234 242 1311 chre,
259 1246 294 1295 ut
314 1238 428 1312 omnia,
454 1237 498 1295 Μ.
521 1231 641 1294 Tullius
662 1236 693 1293 in
712 1233 832 1293 Laelio:
864 1245 971 1314 negant
989 1255 1164 1319 qrremqrrum
1183 1238 1237 1296 υἰέ

156 1339 222 1377 mm
242 1319 348 1378 domim
371 1338 445 1389 esse,
470 1318 530 1376 nisi
546 1318 715 1398 sapientem.
756 1316 804 1375 su
821 1318 866 1375 ito
884 1336 964 1378 sane.
1004 1316 1068 1376 Sed
1094 1338 1161 1377 eam
1181 1340 1236 1379 so«

156 1398 1235 1564 wmrztsttttfwmttttttttz
1303 1518 1307 1525 .

158 1564 471 1708 ‘sorore
483 1574 707 1730 reru
725 1558 1074 1730 errem
1092 1564 1237 1731 trie}

159 1727 227 1806 bris,
249 1728 305 1789 sed
321 1750 386 1790 arm
403 1731 452 1804 iis,
481 1730 514 1789 in
531 1729 637 1813 quidus
646 1730 802 1813 praeclare
823 1730 931 1808 ugrirrr,
950 1730 980 1787 εἰ
996 1731 1056 1789 sint
1073 1731 1236 1792 simulacra

158 1814 286 1873 ur'rtutr's
327 1812 409 1873 Haec
430 1811 491 1873 iile.
534 1811 665 1872 Laudari
684 1811 795 1871 debent
814 1811 1025 1893 Peripatetici,
1046 1814 1100 1895 qui
1119 1814 1235 1874 medio·

47 1926 52 1935 ·
158 1895 293 1954 critatem
313 1895 465 1975 quandam
482 1894 605 1974 exigunt
622 1903 652 1953 et
670 1894 814 1954 virtutem
834 1904 951 1974 ponum
970 1896 1002 1954 in
1021 1895 1134 1971 medio,
1151 1892 1235 1978 quod
1343 1950 1346 1955 .

158 1975 223 2038 ruit
250 1976 389 2037 Horatius
413 1972 464 2037 ilio
485 1973 660 2037 versiculos
701 1977 795 2037 uirus
817 1989 861 2037 est
882 1976 1014 2037 meditor
1030 1979 1177 2039 vitiorum
1206 1990 1236 2041 et

159 2059 220 2119 utri
308 2059 468 2136 redamare,
496 2059 594 2141 Epist.
618 2057 663 2123 18.
685 2057 737 2122 iib.
752 2079 780 2119 ι.
801 2078 931 2127 roncas.

219 2080 317 2223 Ἠ.
330 2162 362 2225 9,
380 2139 411 2202 8.
430 2143 464 2202 si
485 2140 715 2226 praesentia
735 2161 838 2224 spem
848 2140 1103 2219 fefellerint.
1133 2143 1236 2219 Quor-

158 2242 226 2283 sum
247 2223 322 2285 istuc
333 2234 509 2306 spectet,xex
523 2225 677 2304 prooemio
690 2222 759 2283 libri
770 2222 849 2281 tertii
863 2221 996 2287 clarebit.
1017 2224 1094 2283 Sunt
1104 2224 1237 2304 profecto

161 2308 382 2388 incorruptiore
444 2307 585 2367 steritatis
606 2304 736 2365 indiciae
758 2305 923 2385 praesentia
944 2303 1025 2365 iivor
1040 2307 1148 2388 carpit.
1171 2302 1238 2366 Ho-

161 2391 256 2450 ratius
278 2389 385 2449 Odea
437 2389 491 2450 lib.
512 2388 562 2450 &r
603 2389 741 2448 uirorum
768 2386 943 2448 droulwrrem
972 2388 1104 2464 odimus,
1128 2386 1238 2448 Subla·

163 2486 228 2533 tam
247 2493 289 2533 ac
305 2472 396 2533 cudis
414 2471 582 2569 quaerimus
600 2470 706 2533 invidi.
729 2469 790 2530 Cic.
813 2490 869 2552 pro
889 2471 931 2530 Μ.
952 2470 1096 2530 Marcello
1108 2471 1147 2531 nd
1160 2470 1237 2531 Cae-

160 2574 279 2616 sarem:
312 2556 394 2615 serui
414 2555 506 2634 rgiurr
525 2557 564 2614 iis
581 2555 670 2614 etim
692 2551 854 2631 iudicibru,
887 2554 940 2637 prii
970 2550 1068 2613 multis
1080 2567 1153 2637 port
1171 2575 1237 2613 sne⁴

48 2662 52 2673 ·
160 2638 233 2697 colu
256 2637 295 2696 de
320 2650 348 2697 te
372 2636 561 2711 iruir'oobuot,
588 2649 619 2696 et
646 2636 764 2720 peridem
790 2634 874 2694 houd
896 2635 957 2694 scio
980 2656 1021 2695 au
1043 2638 1237 2719 rocomtotr‘ru

160 2740 251 2801 quam
272 2741 334 2780 nos.
379 2719 461 2780 Nam
477 2731 507 2779 et
538 2721 601 2778 siue
625 2738 725 2778 amore
764 2730 793 2777 et
813 2719 875 2776 sine
898 2718 1058 2800 cupiditate
1078 2732 1108 2778 et
1137 2736 1237 2778 norro

162 2804 225 2863 stite
247 2802 318 2863 odio
335 2815 365 2863 et
382 2804 445 2862 sine
466 2801 585 2862 muilier
605 2801 788 2860 iudicabunt.
829 2819 956 2865 roncas.

243 2884 322 2965 Peg.
337 2906 368 2967 9,
385 2883 429 2963 id.
450 2886 656 2968 superiore
674 2895 711 2943 et
724 2885 792 2942 isac
809 2895 942 2942 nostra
957 2894 1095 2947 aetate.
1120 2883 1239 2962 Quam-

160 2968 208 3028 vis
230 2968 264 3028 in
282 2970 398 3029 Graeco
417 2976 536 3028 tantum
553 2967 593 3027 sit
612 2963 664 3048 ἐφ’
684 2960 782 3044 ἡμῶν,
802 2977 902 3024 nostru
917 2978 1022 3038 aetate,
1045 2976 1144 3024 tumen
1161 2970 1234 3047 quia

160 3049 246 3111 Nilus
270 3051 444 3133 bipartitam
466 3050 699 3133 propositionem
731 3046 873 3125 faciebat,
903 3042 943 3106 τά
961 3066 999 3106 re
1019 3045 1073 3108 snt
1092 3046 1155 3107 ταῖν
1176 3049 1239 3125 βαι

162 3130 286 3211 acidus,
311 3132 351 3195 coi
374 3134 399 3195 τ’
420 3131 471 3215 tp’
492 3126 580 3214 ἡμῶν
598 3123 755 3211 γεγονότα,
774 3140 849 3210 puto
867 3128 1126 3211 alterumqnoque
1146 3140 1238 3211 caput

160 3237 247 3299 posse
268 3218 385 3299 repetis
418 3227 449 3276 et
480 3234 512 3277 se
532 3221 631 3296 ipsum
654 3214 745 3274 ctiam
771 3213 892 3273 nomine
913 3213 1129 3294 imperatorum
1153 3233 1238 3272 com·

161 3298 338 3383 prehendit,
376 3298 449 3360 dum
477 3297 617 3378 subiicit,
648 3298 848 3359 Romorromm
875 3296 1096 3378 mperocoritm
1120 3295 1237 3355 accide-

160 3396 240 3444 rurrt.
270 3400 403 3451 roncare.

252 3465 329 3548 Pap.
350 3488 383 3550 9,
410 3485 455 3548 ¹9·
490 3461 533 3527 iri
562 3482 649 3526 sese
685 3458 926 3548 adponitur
955 3460 1238 3523 inconcussam&

162 3546 229 3609 Hoc
242 3547 280 3609 de
289 3552 496 3610 Cantacuseno
506 3553 572 3632 ipso
582 3547 696 3608 dictum
706 3550 818 3629 accipe,
831 3549 884 3628 qui
895 3548 927 3606 in
938 3544 998 3607 fide
1009 3546 1118 3605 mansit
1129 3543 1238 3603 adver·-

163 3651 269 3713 easque
290 3654 338 3694 res
359 3652 462 3693 omnes
482 3654 553 3692 cum
563 3632 738 3692 Andronico
758 3651 814 3691 suo
827 3629 967 3690 toleravit
987 3628 1236 3688 constantissime.

163 3712 273 3794 Euripi
292 3727 394 3777 autem
414 3714 524 3776 similes
544 3734 578 3774 ao
607 3713 779 3794 transfugae
810 3711 1039 3793 proditoresque
1071 3707 1237 3769 Andronici

162 3794 345 3877 Syrgiannes
371 3809 402 3859 et
429 3807 644 3878 protostrator,
675 3794 875 3856 Cantacureni
903 3794 1092 3875 imperatrix,
1112 3792 1239 3852 loannes

163 3879 335 3960 patriarcha
354 3879 454 3942 etalii
475 3876 606 3941 irruunt.
637 3899 768 3944 roncas.
1104 3946 1109 3965 ἱ

245 3963 321 4042 Pog.
358 3984 430 4037 ,210
447 3963 599 4047 Euripi
622 3964 766 4022 instar.
796 3960 929 4042 Euripus
946 3958 1054 4019 fretum
1080 3963 1239 4037 angustum

162 4042 243 4103 inter
255 3985 406 4124 Aulidem,
429 4046 570 4107 Boeotiae
591 4056 725 4126 portum,
746 4054 776 4127 et
797 4043 952 4104 Euboeam
972 4039 1111 4116 insulam,
1132 4038 1181 4097 die
1203 4052 1239 4100 eo

162 4136 252 4186 nocte
278 4125 365 4204 fluis,
394 4128 495 4190 refluit
517 4130 634 4209 septies.
674 4129 803 4208 Propter
832 4146 923 4208 quam
954 4122 1188 4185 vicissitudinem
1209 4126 1240 4177 et

162 4210 395 4270 inconstantiam
432 4210 524 4274 homo
552 4209 703 4272 mutabilis
731 4221 762 4271 ct
788 4212 960 4271 inconstans
980 4206 1112 4286 Euripus
1144 4199 1238 4267 audit.
1293 4268 1295 4273 ¹

202 4330 413 4389 cistarciensis
430 4334 482 4395 m.
1002 4328 1036 4395 ad
