2938 4686
253 275 331 365 186
643 305 919 379 mmlcuzeur

87 471 154 527 Ac.
169 476 217 530 135
222 494 230 531 1
242 455 292 542 εἴη
310 456 347 525 τό
372 460 515 545 δροόμενα
530 463 656 542 μαθεῖν,
680 458 900 547 ἐτιτροόσκοντό
919 483 953 525 τε
968 463 1025 527 καί
1035 459 1231 545 ἀπέθνησκον
1244 467 1320 527 ιταλ-

146 546 301 628 l’·li⁰9lor'.
353 553 464 623 ἔπειτα
493 558 537 634 τός
558 553 693 646 ᾔσθοντο
712 557 994 645 ἀναθαρσήσαντες
1022 561 1078 624 καί
1101 555 1318 641 ὁπλισάμενοι,

240 653 395 740 έξὴλασαν
413 655 489 733 τοός
508 661 675 740 πολεμίους
695 653 800 742 αὖθις,
821 653 914 726 οόδέν
932 666 1071 744 γενναῖον
1085 659 1318 746 εἰργασμένους

239 747 319 818 ἀλλὰ
341 753 528 842 φαυλότατα
552 756 793 842 ἠγωνισμένους
813 755 899 842 όμονς
921 758 1121 844 διεσώθησαν
1140 755 1254 834 πάντες
1266 760 1320 823 ἐπί

237 851 295 931 τός
315 852 462 940 τριήρεις,
484 855 611 934 ου’δενός
634 855 790 940 πεσόντος,
811 861 1014 945 τραυματιῶν
1046 859 1082 923 δέ
1102 857 1213 941 όλίγιον
1231 856 1345 939 rere-5

237 955 363 1037 μένων,
393 949 587 1038 δναγόμενοί
600 980 634 1024 τε
662 962 722 1022 τοῦ
742 957 883 1039 λιμένος,
916 960 972 1022 καί
1001 955 1140 1032 δλκόδας
1172 955 1319 1021 εἵλκυσαν

237 1047 328 1127 κενός
357 1075 446 1129 τινας
465 1055 522 1119 καί
541 1054 740 1140 ἐκυρίευσαν.
766 1054 837 1123 ἐπεί
855 1059 891 1123 δέ
911 1056 1014 1142 ἡμέρα
1035 1048 1096 1142 ἤδη
1115 1049 1167 1140 ἤν,
1188 1055 1238 1130 δίς
1259 1058 1319 1136 μὲν

236 1152 294 1216 καί
314 1153 382 1236 τρίς
403 1151 609 1239 ἐπεχείρησαν
635 1159 699 1239 πῦρ
720 1160 836 1223 ἐνεῖναι
863 1166 934 1232 ταῖς
953 1152 1081 1221 δλιιόσιν
1102 1147 1218 1230 οόσαις
1231 1150 1317 1218 πλεί-

237 1273 328 1325 σταις
349 1248 403 1315 ἐπί
413 1254 487 1337 :sori
510 1255 645 1337 λιμένος,
667 1256 932 1342 ἀνεκρούσθησαν
952 1257 988 1322 δέ
1008 1253 1064 1320 ἐπ’
1086 1254 1229 1332 ἐκείνων,
1250 1251 1319 1316 οὔδ’

237 1344 330 1431 liris
348 1351 495 1433 γενέσθαι
525 1354 719 1439 δυνηθέντες.
766 1351 877 1420 ἔπειτα
907 1355 1138 1440 παραπλέοντες
1162 1348 1295 1415 ἐκάκουν
1308 1397 1318 1432 ,
1331 1368 1377 1421 ιο·

238 1449 296 1512 καί
313 1470 405 1515 τινων
425 1447 601 1537 ἐκρότησαν
622 1448 768 1520 irritor
787 1457 822 1520 ἐκ
841 1453 970 1521 Πόντου
993 1451 1247 1517 καταπλεουσῶν.
1284 1449 1322 1513 έν

207 1542 371 1624 Βταόταις
401 1546 440 1632 δὴ
471 1558 542 1626 ταῖς
571 1548 681 1618 όλκοὶσι
710 1551 765 1618 καί
791 1555 931 1637 πρέσβυς
961 1553 996 1617 ἐκ
1023 1549 1176 1627 Βενετίας
1202 1547 1318 1635 δφῖκτο

235 1643 356 1732 Δελφίν
387 1647 607 1731 αόνσμασμένος
633 1649 713 1736 πρός
741 1654 898 1735 βασιλέα,
928 1650 985 1715 κατ’
1009 1651 1109 1714 ἐδεῖτο
1136 1653 1318 1730 συμμαχεῖν

236 1745 342 1821 αι’τσῖς
361 1745 442 1833 πρός
462 1748 517 1814 τόν
546 1746 624 1815 κατὰ
646 1753 711 1816 τοῖν
730 1751 766 1815 ἐκ
784 1752 817 1816 Γ
814 1747 944 1827 εννοόας
966 1748 1125 1831 πόλεμον,
1141 1743 1264 1830 μεγόλα
1284 1746 1319 1810 τέ

236 1867 308 1933 τιγα
327 1846 530 1931 ἐπηγγέλλετο
550 1846 606 1913 τόν
626 1852 743 1914 derisor
763 1852 914 1925 Βενετίας
941 1848 997 1914 καί
1027 1845 1085 1932 τὴν
1106 1844 1225 1931 βουλήν
1239 1847 1316 1912 ‘Poo-
1329 1851 1363 1915 15

148 1978 157 1987 ·
234 1941 349 2024 μαίους
373 1941 568 2030 operiere,
589 1946 621 2012 εἰ
636 1951 776 2014 πείθοιτο
794 1950 899 2023 αὐτοῖς
918 1956 1098 2030 συμμαχεῖν
1117 1944 1134 2011 ό
1154 1945 1316 2030 βασιλεύς.

233 2036 271 2108 τό
292 2038 348 2107 ἴσα
369 2044 405 2108 δὲ
424 2045 481 2109 καί
503 2042 598 2130 όρἡ
610 2042 786 2131 Ῥαουήνας
803 2042 882 2126 πρός
901 2049 1036 2129 βασιλέα
1055 2041 1317 2130 διαγραμμάτων

232 2139 451 2225 ἐπρεσβεόετο,
483 2145 540 2209 κατ’
566 2143 689 2228 μεγάλα
712 2147 924 2230 ἐπηγγέλλετο,
958 2143 1014 2210 καί
1033 2146 1134 2212 ἐδεῖτο
1162 2148 1319 2228 βασιλέως

229 2246 296 2315 τοῖς
315 2241 351 2305 ἐκ
374 2244 526 2319 Βενετίας
553 2252 753 2327 συμμαχεῖν,
780 2237 828 2318 οἷς
853 2247 910 2309 καί
932 2241 1026 2320 arisbe
1050 2241 1220 2328 ου’μμαχός
1235 2239 1316 2308 ἔστι.

230 2336 381 2425 βασιλεῦς
405 2341 441 2407 δέ
459 2339 660 2427 ’ἀπηγόρευεν
675 2343 801 2426 αὐτοῖς,
829 2337 934 2431 οἵσπερ
964 2343 1038 2421 καί,
1055 2339 1221 2428 πρότερον,
1255 2339 1362 2425 spero

208 2442 420 2524 συμμαχίαν
443 2442 479 2507 έν
511 2442 731 2529 Θεσσαλονίκη.
780 2438 898 2529 ἔφασκε
924 2441 985 2528 γόρ
1008 2444 1128 2508 α’δικεῖν
1149 2442 1257 2526 μηδὲν,
1287 2442 1317 2504 εἰ

199 2553 222 2608 c
230 2535 311 2622 πρός
327 2540 370 2626 τῷ
385 2540 485 2624 μηδέν
504 2540 612 2615 adroic
624 2538 776 2623 ἐμποδών
792 2535 874 2606 εἶναι
889 2542 969 2628 πρός
985 2539 1042 2607 τόν
1063 2536 1213 2622 πόλεμον,
1233 2541 1315 2623 μηδὲ

228 2632 310 2722 πρός
333 2638 471 2715 ἐκείνους
486 2639 649 2725 πολεμοίη.
688 2637 733 2715 οὖς
762 2640 822 2721 μὲν
851 2637 910 2727 γὰρ
937 2641 1039 2719 nitriis
1059 2641 1171 2706 ἐκεῖνοι
1197 2636 1314 2712 πολλός

297 2757 323 2811 6.
344 2755 490 2812 ελλκεισαν
505 2758 535 2813 Ρ.
590 2774 631 2817 ra.
648 2758 781 2831 τριήρεσι
793 2758 833 2818 Μ.

229 2858 264 2896 ea
279 2841 393 2896 aedibus
409 2845 526 2899 inermes
544 2862 636 2900 versus
654 2862 729 2898 mare
750 2847 943 2910 decurrentes,
970 2854 998 2900 et
1018 2846 1087 2919 quid
1112 2846 1166 2902 boe
1183 2847 1224 2900 rei
1243 2852 1315 2899 esset

227 2915 363 2968 noscitare
380 2932 412 2968 eu
435 2916 539 2980 lentes,
559 2918 661 2988 partim
681 2918 912 2982 vulnerabantur,
936 2918 1036 2987 partina
1063 2920 1105 2988 (et
1126 2918 1240 2991 quidem
1256 2932 1314 2970 non

226 2987 321 3054 paud)
339 2932 584 3040 intergeiebantur.
620 2987 743 3042 Tandem
761 3004 791 3040 re
812 2997 965 3059 comperta,
988 2988 1085 3043 animis
1113 2998 1143 3042 et
1164 2989 1247 3042 armir
1270 2988 1315 3040 in·

227 3056 340 3118 structi,
359 3055 466 3119 hortas,
484 3057 560 3109 nulls
577 3073 607 3110 re
624 3057 796 3111 memorabili
814 3067 907 3129 gesta,
926 3067 954 3112 et
970 3059 1144 3129 ignavissime
1174 3057 1315 3129 proelian-

227 3130 286 3188 tes,
304 3140 409 3178 rursum
427 3127 560 3179 eliciunt:
581 3127 630 3198 qul
647 3128 683 3180 ad
699 3128 833 3193 triremes,
851 3129 929 3182 nullo
948 3145 1057 3185 suorum
1077 3129 1240 3194 interfecto,
1263 3129 1315 3181 ali-

227 3200 296 3316 quot
311 3193 452 3248 dumtaxnt
468 3197 627 3261 vulneratis,
646 3208 845 3269 pervenerunt,
862 3201 1054 3271 solventesque
1073 3202 1210 3255 onerarias
1230 3215 1315 3271 qnas-

247 3279 290 3317 am
319 3279 415 3317 vacuas
443 3280 533 3319 seeum
556 3267 747 3323 abstraxerunt
771 3284 804 3321 ae
828 3269 882 3324 sibi
906 3272 1030 3341 proprias
1055 3270 1187 3325 iecerunt.
1231 3271 1314 3323 Claro

227 3333 282 3386 inm
300 3332 346 3388 die
363 3334 406 3388 bis
426 3341 525 3409 terqua
542 3337 632 3409 ignem
649 3340 679 3394 in
697 3340 845 3402 onerarias,
863 3355 935 3413 quse
957 3338 1093 3411 plurimae
1111 3344 1140 3396 in
1157 3347 1238 3411 portu
1257 3349 1314 3393 ste·

227 3403 312 3469 bant,
331 3405 480 3460 immittere
497 3410 589 3462 eonati
608 3419 690 3473 sunt,
713 3409 762 3464 red
779 3409 908 3465 accedere
925 3429 974 3482 pro
995 3412 1037 3464 ior
1064 3430 1120 3468 non
1141 3411 1313 3465 sinebantur.

228 3475 337 3529 Deinde
355 3477 556 3545 praetereundo
580 3481 647 3535 alias
672 3479 841 3535 infestabant
859 3488 888 3535 et
904 3429 1034 3554 quassam
1052 3499 1068 3537 e
1087 3476 1171 3537 Penio
1197 3480 1313 3534 simoen·

228 3543 325 3600 dentes
343 3550 481 3602 onerarias
501 3550 653 3620 sapiebant
690 3553 723 3605 In
739 3551 799 3606 istis
816 3552 901 3623 igitur
919 3553 1077 3606 triremibus
1095 3555 1180 3606 etiam
1205 3552 1313 3622 legatus

228 3615 409 3683 Venetorum,
429 3620 541 3673 nomine
558 3621 727 3693 Delphinus,
751 3622 787 3675 ad
811 3625 1002 3693 imperatorem
1029 3623 1208 3686 mittebatur,
1232 3639 1313 3692 opem

226 3695 348 3757 rogatum
367 3688 402 3741 ad
421 3688 524 3744 bellum
543 3700 636 3746 contra
656 3694 825 3757 Gennenses,
842 3695 1085 3767 promittebatque,
1103 3693 1201 3747 donem
1219 3693 1314 3745 Vene-

226 3759 326 3813 tinrum
351 3766 380 3810 et
396 3768 519 3814 senatum
539 3759 575 3814 de
593 3765 719 3817 Romanis
737 3765 897 3818 meriturum
915 3765 1018 3835 optime
1028 3802 1037 3829 ,
1061 3765 1085 3818 si
1111 3766 1244 3818 auxilium
1263 3779 1315 3815 en-

226 3837 332 3882 nueret
378 3831 461 3914 'Paria
486 3832 629 3888 Ravennae
653 3837 781 3905 princeps
807 3852 857 3905 per
882 3834 988 3888 litteras
1012 3836 1147 3919 pollicenq
1176 3834 1314 3917 rogabat,

226 3902 527 4043 diffiniit?
541 3904 1314 4048 :titttttttft‘ttutititttettdttttl

227 4045 344 4112 negarit,
362 4042 535 4115 addiditque,
551 4047 656 4098 nullam
675 4062 704 4099 re
722 4048 789 4118 ipris
806 4045 897 4100 iecere
915 4049 1053 4111 iniuriam,
1070 4049 1103 4110 si,
1120 4056 1313 4117 praeterquam

228 4111 303 4182 qood
320 4114 398 4167 nullo
417 4115 457 4167 eir
480 4113 517 4166 ad
539 4115 642 4169 beilum
667 4117 867 4185 impedimento
889 4126 979 4181 esset,
1002 4117 1143 4171 adversum
1163 4118 1313 4171 Galataeos

229 4184 312 4239 etiam
330 4201 385 4240 non
403 4192 541 4256 pugnaret
577 4186 635 4258 Qui
657 4187 766 4242 tametsi
793 4186 900 4243 bellum
925 4202 1007 4259 saepe
1032 4190 1260 4254 oommeruerint,
1284 4192 1315 4238 et
