2908 4678
385 368 420 403 Μ
446 300 504 364 an
537 280 922 383 diminuendam.
953 294 1008 364 rx.
1170 270 1248 401 55ι

135 530 138 535 ,
165 449 331 535 potatam.
381 450 451 519 ttae
480 451 596 521 seilicet
632 451 768 517 liberum
797 462 845 519 a'st
880 461 912 518 et
940 450 1151 516 Christianum
1180 470 1255 525 ‹nn-

164 535 279 604 cilium
794 584 800 597 ,
1136 527 1150 567 ”

247 621 352 685 aaut
378 617 731 703 ipae.anhismaticorum
755 621 878 705 genius,
906 620 956 681 coi
985 616 1112 681 solenne
1140 616 1255 685 ludices

158 713 267 785 stetere
279 747 291 782 ,
304 702 359 767 sed
380 703 435 765 ubi
456 702 519 766 dati
544 704 714 784 fuerint,n
735 705 883 767 sententia
902 706 1011 765 eorum'
1032 702 1093 766 olio
1119 703 1256 791 appella-

164 805 223 847 tn·
244 787 352 855 Testes
372 797 467 861 sunt,
503 798 539 849 ut
563 784 638 850 alios
658 809 726 850 non
756 789 934 867 nominem,
963 786 1160 867 Donatistae,
1186 791 1255 873 'qui

162 870 388 932 controversiae
412 892 483 932 cum
507 870 682 933 Caeciliano
706 871 839 933 iudicem
858 869 1044 953 flagitarunt.
1066 870 1164 932 Datus
1176 880 1221 937 est
1234 895 1254 934 a

164 952 369 1021 memnno
385 954 567 1038 imperatore
581 954 767 1019 Melebiades
778 954 911 1038 pontifex
928 948 1092 1017 Romanus.
1122 954 1256 1021 Absolu-

162 1045 214 1097 tus
235 1049 281 1101 est
298 1036 509 1117 Caecilianus,
527 1038 665 1099 damnati
685 1039 872 1100 Donatistae.
906 1036 987 1098 Num
1008 1036 1253 1120 adquieverunt?

162 1116 448 1183 Postulaiuntalios
463 1118 585 1186 indices.
606 1122 678 1185 Doti
693 1133 764 1183 sunt
775 1132 806 1183 et
818 1123 878 1200 isti,
890 1121 997 1182 eodem
1012 1140 1117 1182 rursus
1132 1132 1253 1187 eventu.
1282 1160 1287 1173 =

161 1201 244 1267 Num
261 1205 485 1287 adquieverunt
497 1204 695 1269 Donatistae?
727 1206 855 1267 Minime
883 1224 970 1267 vexo.
1007 1202 1101 1267 Aliud
1119 1206 1254 1268 tribunal

161 1288 417 1367 quaesiverunt‚s
427 1310 491 1371 quo
503 1287 605 1353 denuo
616 1289 809 1350 condemnati
821 1300 901 1352 sunt.
914 1287 975 1350 Sed
984 1287 1106 1350 frustra.
1119 1290 1254 1350 Damna·
1308 1305 1313 1311 ’

146 1370 191 1451 ¹ri
201 1373 299 1450 potuit
314 1375 490 1455 pertinacia,
500 1373 580 1434 vinci
597 1383 652 1433 eut
664 1372 763 1454 frangi
777 1393 839 1432 non
859 1374 965 1454 potuit.
987 1372 1076 1451 Puto,
1088 1374 1172 1459 quod
1192 1376 1255 1458 irase

160 1452 321 1533 diabolus,
342 1458 443 1538 inquit
461 1466 583 1517 sanctus
600 1458 787 1541 Augustinus
805 1458 890 1538 epist.
917 1455 1006 1539 167„
1029 1456 1058 1515 si
1078 1462 1254 1518 erectorimte

159 1536 269 1601 indicit
277 1582 288 1614 ,
303 1561 394 1624 quem
409 1538 488 1601 ultro
502 1540 650 1620 elegerat,
663 1542 746 1601 toties
756 1542 940 1616 vinceretur,
953 1560 1013 1600 non
1025 1551 1098 1598 esset
1115 1550 1176 1599 tom
1191 1540 1254 1599 im·

156 1618 292 1702 perdens,
305 1637 338 1684 ut
350 1627 383 1685 in
402 1645 440 1683 eo
452 1642 541 1685 causo
552 1623 729 1707 persisteret.
748 1623 817 1684 Non
831 1623 918 1684 aliter
929 1625 1057 1705 egissent
1078 1618 1184 1682 Graeci
1203 1634 1254 1683 to:

144 1756 148 1771 ,
161 1703 218 1769 ties
230 1716 321 1769 antea
334 1705 469 1771 damnati
481 1728 491 1765 s
505 1704 574 1769 licet
586 1704 726 1767 Clemens
737 1708 887 1787 pontifex,
902 1706 1104 1766 Cantacuzeni
1121 1717 1227 1789 rogatu
1240 1751 1251 1785 ,

160 1787 313 1866 synodum
340 1800 561 1865 nonanoasset,
591 1788 675 1871 quod
706 1790 822 1870 aliquot
850 1798 918 1872 post
941 1790 1029 1849 annis
1058 1788 1090 1849 in
1112 1786 1250 1852 Concilio

160 1865 346 1939 Florentino
364 1875 557 1935 manifestum
576 1874 681 1937 evasit.
725 1874 831 1954 ltaque
853 1894 932 1935 vana
954 1882 999 1933 est
1027 1868 1149 1954 querela
1167 1874 1253 1933 Can·

160 1956 312 2031 nument,
341 1976 413 2017 cnm
444 1959 487 2017 nit
509 1956 637 2017 Latinos
657 1976 711 2017 sua
731 1956 871 2038 dogmata
898 1956 938 2016 ab
960 1954 1088 2016 aliarum
1111 1955 1251 2016 ecclcsia-

56 2094 63 2107 ,
159 2039 422 2103 inminentibus
441 2038 629 2101 discutienda
653 2060 716 2100 non
739 2043 955 2121 proposuisse,
975 2038 1164 2121 nimiumque
1193 2036 1251 2099 sibi

160 2136 337 2202 errogmse,
364 2125 543 2207 contemptis
575 2123 692 2183 ceteris.
736 2124 885 2185 Vanitatis
917 2121 1007 2181 redar
1048 2131 1105 2180 nm
1134 2122 1251 2183 dictum

159 2199 219 2263 boe
238 2204 350 2287 scripte
370 2204 488 2269 Nicolai
508 2205 598 2289 primi
630 2216 661 2265 et
679 2206 791 2267 Leonis
811 2206 884 2284 lx,
914 2213 950 2264 nt
978 2138 1084 2263 silebas
1113 2203 1251 2266 casanillo

158 2295 233 2361 oute
252 2285 453 2353 Cantacuzeni
471 2298 600 2355 aetatem
611 2308 703 2375 super
725 2288 775 2349 his
790 2289 864 2372 ipsis
883 2288 1093 2349 controversiis
1116 2286 1251 2349 celebra·

159 2377 202 2431 ta.
244 2368 287 2433 Et
306 2373 488 2453 quibusnam
507 2372 705 2455 proponenda
738 2372 861 2435 fuemm
882 2372 1027 2455 dogmata
1047 2370 1248 2452 Latinorum,

157 2448 218 2513 hoc
239 2464 302 2529 est,
328 2456 422 2539 ipsius
441 2456 598 2519 ueritatis?
619 2458 668 2517 An
691 2454 832 2528 Graecis,
856 2456 908 2537 qni
928 2477 947 2515 a
967 2455 1095 2515 veritate
1125 2457 1247 2532 aversi,
1315 2526 1320 2537 Ι

157 2533 200 2597 ud
218 2534 337 2599 tahmas
358 2538 415 2600 toti
435 2540 497 2603 iarn
514 2540 653 2603 conuersi
671 2542 784 2601 eraut?
825 2540 884 2600 Sed
905 2537 993 2600 fnoile
1011 2549 1078 2598 erat
1096 2536 1246 2619 divinare,

157 2638 236 2698 quae
254 2626 404 2683 sententia
424 2634 565 2684 secutura
593 2632 687 2699 esset,
722 2625 747 2682 si
776 2618 839 2697 litis
865 2623 957 2683 huius
983 2620 1095 2683 decisio
1124 2616 1248 2685 Graecis

146 2703 317 2797 ‘commissa
341 2705 453 2768 fnisset.
495 2704 537 2769 Et
558 2707 632 2788 quid
652 2706 709 2766 sibi
731 2704 838 2766 volunt
858 2705 911 2767 illa
932 2705 1049 2766 verbus
1071 2702 1245 2785 Doctrina,

155 2804 239 2871 quae
252 2809 330 2849 neme
341 2790 426 2871 apud
440 2792 608 2853 derisoriam
627 2789 779 2850 ecclesiam
792 2793 895 2883 uiget?
922 2788 1077 2871 Significat
1099 2786 1245 2850 nimirum

155 2880 245 2930 maten
264 2891 329 2932 non
348 2875 501 2955 viguisse:
530 2892 609 2955 quae
638 2874 788 2933 accusatio
819 2875 956 2933 omnium
984 2882 1165 2932 novatorum
1187 2882 1244 2935 est.

155 2949 309 3014 Novitatis
335 2968 479 3019 accusant
509 2954 709 3019 orthodoxam
744 2954 926 3035 ecclesiam,
958 2975 999 3015 ne
1024 2956 1082 3037 ipsi
1104 2957 1247 3019 novitatis

154 3046 295 3103 worm
312 3049 343 3101 ct
364 3052 525 3103 sectatores
546 3041 761 3105 existimentur.
793 3040 919 3119 Quoties
933 3038 1034 3099 Latini
1054 3038 1245 3099 demonstra-

154 3129 247 3198 runt,
270 3125 444 3204 etquidem
464 3124 750 3200 evidenter,omnia
771 3122 932 3205 dogmata,
957 3122 996 3182 de
1015 3119 1126 3204 quibas
1137 3123 1245 3184 Graeci
1319 3134 1326 3149 ·

153 3201 273 3267 latinis
292 3203 373 3267 diem
398 3209 526 3284 dicunt,
547 3206 587 3268 ab
610 3204 781 3290 apostolicis
800 3206 988 3289 temporibus
1006 3222 1126 3287 semper
1145 3207 1176 3266 in
1196 3227 1246 3267 ec·

153 3281 244 3349 elesia
275 3288 412 3353 Romana
447 3292 599 3373 riguisse,
633 3310 732 3371 neque
756 3290 976 3351 nudiustertius
1002 3299 1074 3349 nuta
1096 3309 1179 3366 esse,
1210 3302 1245 3359 ut

154 3380 225 3431 sunt
247 3373 438 3436 Graecorum
465 3375 574 3457 placito
601 3385 632 3435 et
660 3375 803 3451 decreta,
839 3384 917 3457 qnae
937 3370 1048 3456 quibus
1069 3372 1245 3437 unctoribus

152 3463 183 3515 et
194 3456 318 3537 qnando
340 3463 544 3539 proseminatae
558 3459 642 3535 sint,
663 3454 764 3518 Latini
781 3457 820 3518 ad
844 3459 986 3519 amussim
1001 3455 1160 3516 ostendere
1171 3479 1243 3539 pos·

153 3550 242 3613 eunt,
260 3550 294 3600 et
311 3545 429 3624 saepius
448 3546 512 3604 iam
530 3540 739 3603 ostenderunt.
780 3540 826 3603 Ut
847 3545 927 3604 enim
948 3550 1068 3600 tantum
1088 3543 1243 3602 nominem

134 3624 291 3705 ,noxioque
312 3623 363 3687 illa
384 3648 419 3687 ca
442 3629 501 3701 ita,
524 3626 564 3686 do
585 3625 695 3707 quibn's
707 3624 884 3691 Gennadius
906 3622 1076 3707 patriarcba
1091 3624 1242 3684 Constan-

154 3707 370 3787 tinopolitanae
391 3649 536 3773 adorsus
562 3711 693 3769 Graecos
713 3729 772 3791 pro
790 3706 926 3769 Concilio
948 3704 1131 3768 Florentino
1149 3729 1242 3768 accu-

153 3784 300 3855 ratissime
319 3791 474 3874 disputat:
504 3790 648 3873 Spiritmn
668 3804 801 3853 sancmm
823 3812 845 3851 a
874 3792 966 3854 Patre
978 3788 1110 3876 filioque
1132 3813 1242 3875 prom·

152 3875 240 3950 dere,
318 3878 465 3958 guterium
485 3898 560 3953 ease,
583 3876 616 3934 in
639 3876 753 3953 asyam
776 3875 984 3935 eieeharrstr‘am
1007 3874 1065 3933 rite
1085 3885 1116 3933 et
1139 3871 1241 3957 legiti·

153 3974 205 4021 me
222 3977 258 4018 ee
270 3958 387 4027 ebrani:
409 3962 527 4025 arnimar
543 3959 708 4033 erutorum,
752 3957 842 4017 uibus
862 3956 938 4017 nihil
954 3956 1089 4017 maculae
1110 3961 1143 4017 in
1161 3980 1238 4047 pnr-

152 4042 271 4123 gatorio
291 4043 455 4125 expiandae
474 4046 571 4119 inest,
595 4043 698 4102 atatim
779 4060 899 4103 excessu
919 4041 1019 4101 Deum
1040 4041 1160 4118 videre,
1177 4042 1239 4101 Ro·

141 4146 333 4209 ,marcumque
347 4130 516 4214 pmtrftmm
539 4127 676 4187 omnium
696 4120 889 4187 ecclesiarum
909 4125 1076 4208 principem
1098 4134 1129 4185 et
1149 4135 1240 4203 caput

152 4228 239 4292 esse,
276 4230 395 4293 semper
412 4213 509 4277 omit
536 4221 567 4271 et
588 4208 691 4275 docuit
711 4209 849 4272 Romana
869 4208 1001 4275 eeclesia.
1043 4206 1238 4291 Quarelicet
