2978 4678
919 82 931 113 h

219 303 304 402 4οα
590 300 904 389 hunorauoms

217 482 361 567 loquendi
382 503 476 581 genus
496 482 636 565 explicari
668 483 725 543 isto
745 479 953 562 Xenophontis
980 477 1069 561 locp‚
1092 475 1224 538 Pacdiae
1253 474 1306 539 8.:

218 563 367 645 κρείττων
386 586 433 638 τις
454 588 474 646 η
496 566 562 628 κατ’
578 558 748 648 ἄνθρωπον
755 611 766 642 ,
787 565 905 626 homine
923 565 1048 641 maior,
1072 565 1228 644 augrmior
1251 574 1310 625 etc.

218 670 346 714 ronran.

299 731 381 812 fag.
395 753 449 816 91,
475 752 503 793 r.
522 726 577 791 ὑπ’
598 728 684 815 αὐτῷ
704 733 748 792 Μ.

302 814 448 897 Pac-91,
471 812 502 892 t·
522 809 597 893 περὶ
619 816 675 894 τῆς
695 811 803 896 μόνας
826 815 872 883 Μ·
965 860 972 864 -

301 898 383 978 Pag.
398 918 450 982 91,
472 896 504 976 4.
525 897 575 982 ἐφ’
590 889 707 959 ἑαυτοῦ
724 901 768 965 Μ.

303 982 385 1062 Pag.
403 1003 456 1065 91,
484 1002 530 1042 rr.
550 978 708 1060 διατρίβοι
732 982 776 1046 Μ.

304 1063 385 1146 Pag.
404 1085 456 1147 91,
481 1084 526 1126 ra.
550 1065 591 1125 in
622 1061 872 1125 uinculisad
899 1085 956 1126 me
983 1059 1206 1124 adductum
1236 1062 1307 1127 iri.

222 1150 373 1228 Gregoras
398 1147 509 1226 tradit,
526 1159 597 1208 ante
619 1146 721 1229 sugam
737 1146 868 1209 voluisse
880 1169 950 1209 eum
972 1167 1078 1229 capere
1100 1158 1130 1207 et
1149 1145 1308 1206 consilium

223 1232 378 1292 Gerasimo
399 1231 587 1313 patriarchae
607 1232 769 1312 aperuisse.
813 1231 905 1309 Quod
929 1229 980 1292 ille
1002 1230 1041 1291 ad
1063 1240 1204 1313 nepotem
1225 1228 1307 1288 defe-

222 1336 313 1394 rens,
335 1314 424 1397 fugae
447 1315 658 1376 accelerandae
677 1326 783 1375 auctor
795 1317 821 1375 ei
844 1314 945 1376 fuerit.
968 1333 1095 1377 rourum

308 1397 390 1478 Pag.
413 1418 464 1479 92,
488 1390 719 1479 muricipem
743 1396 847 1472 dacter.
888 1397 1049 1459 Proverbii
1071 1398 1199 1479 speciem
1218 1393 1310 1455 hahet

225 1472 305 1540 oriri
330 1474 444 1558 δείξει,
469 1481 551 1625 paud
574 1481 687 1541 indicat
706 1480 835 1541 verbum
856 1480 947 1563 φασί.
962 1501 1089 1545 rourum

310 1563 394 1643 Pug.
405 1584 459 1645 92,
493 1612 501 1630 .
524 1557 677 1643 στρατιάν
695 1584 764 1625 τινα
783 1559 981 1643 ἀναλαβόντα
1002 1565 1047 1631 Μ.

310 1644 497 1731 Pug.9a‚9.
517 1649 599 1707 uita
619 1650 661 1708 in
677 1648 867 1708 hastarum
885 1648 1140 1709 mucronibus
1155 1667 1311 1729 suspen·

226 1748 281 1790 sa.
300 1730 460 1791 Summum
480 1742 623 1791 conatum
643 1741 674 1790 et
696 1732 934 1812 desperationem
953 1732 1151 1814 pugnantium
1165 1729 1259 1805 haec,
1278 1738 1313 1788 nt

226 1811 367 1889 videtur,
380 1814 532 1894 paroemia
547 1813 698 1875 declarat:
720 1813 844 1897 quando
858 1816 1004 1875 nimirum
1023 1814 1084 1875 dici
1097 1824 1215 1897 potest,
1242 1810 1313 1872 Una

227 1895 310 1955 salus
326 1897 414 1957 uictis
433 1898 550 1959 mullum
581 1918 701 1981 sperare
728 1898 866 1964 saltitem.
908 1899 993 1977 Quid
1026 1901 1106 1959 enim
1136 1909 1199 1959 tam
1226 1895 1312 1955 facile

228 1978 318 2039 militi
339 1990 438 2061 potest
460 1981 614 2054 excidere,
639 2004 731 2062 quam
754 1980 834 2064 quod
857 1981 897 2042 ab
926 1993 1058 2043 extrema
1085 1980 1172 2042 hasta
1200 1979 1313 2060 depen-

230 2060 303 2121 det?
344 2062 394 2123 Sic
422 2064 523 2124 David
552 2077 697 2147 perpetuo
727 2085 760 2126 se
793 2066 825 2124 in
853 2066 1025 2126 discrimine
1055 2067 1162 2126 mortis
1182 2062 1314 2138 versari,

228 2145 319 2206 Saule
339 2159 557 2229 persequente,
574 2150 741 2230 significare
762 2146 860 2210 voluit
878 2149 938 2211 illis
961 2148 1076 2226 verbis,
1108 2151 1219 2210 anima
1245 2164 1316 2205 mea

229 2230 263 2288 in
288 2231 426 2291 manibus
449 2232 523 2293 meis
546 2240 692 2316 sempron·
712 2233 791 2293 Nam
823 2232 968 2295 Hebraeis
988 2253 1103 2316 ponere
1131 2235 1264 2293 animam
1284 2230 1316 2287 in

230 2313 371 2374 manibus
417 2326 461 2377 est
494 2336 643 2397 exponere
678 2337 710 2378 se
745 2316 903 2397 periculo,
929 2328 964 2377 ut
994 2310 1131 2377 ludichm
1165 2336 1211 2376 ια.
1235 2323 1266 2372 et
1289 2331 1313 2373 ι.

230 2395 303 2476 Reg.
325 2394 373 2458 28.
417 2398 545 2459 Portare
575 2411 676 2460 autem
697 2402 829 2460 animam
851 2402 883 2460 in
915 2400 1055 2461 manibus
1078 2408 1131 2458 ant
1153 2397 1266 2457 habere
1284 2396 1336 2463 iu¹

231 2478 373 2538 manibus
401 2483 553 2562 accipiunt
571 2504 628 2564 pro
649 2503 708 2559 eo,
728 2483 811 2564 quod
834 2493 894 2558 est,
919 2505 1033 2544 versam
1054 2485 1085 2543 in
1107 2479 1316 2542 afflictionibus

233 2571 264 2620 et
284 2560 404 2622 devita
432 2563 603 2645 periclitari.
647 2564 740 2626 Plura
767 2588 829 2627 non
857 2567 996 2648 ignobilis
1020 2563 1191 2649 Theologus
1215 2565 1317 2624 lanse-

232 2645 301 2703 nius
327 2666 417 2726 super
437 2647 603 2709 adductum
622 2648 730 2730 psalmi
752 2648 862 2716 locum.
884 2648 1014 2713 ronnas.

213 2790 220 2799 ,
316 2728 610 2812 Pag.9a‚16.da'ou
633 2735 674 2797 Μ.
695 2753 751 2814 pro
772 2722 885 2813 χρεών.

318 2810 501 2895 Pag.95,8.
521 2829 814 2878 sacramentum
831 2818 1020 2902 poposcit.
1052 2819 1218 2896 Gregoras:
1237 2812 1318 2870 Pur-

235 2895 293 2955 sim
305 2912 528 2959 sacrosauctum
542 2901 733 2980 euangelium
748 2903 781 2960 in
795 2902 941 2983 palatiis,
962 2902 994 2960 in
1013 2901 1093 2975 viis,
1112 2901 1146 2958 in
1154 2896 1240 2975 struis
1257 2896 1318 2953 cir*-

235 2980 377 3059 cumserri
394 3003 537 3057 cerneus,
553 2997 582 3044 et
590 2984 734 3067 populum
755 2996 945 3044 sacramento
969 2983 1070 3064 adigi,
1092 2994 1125 3041 ut
1145 3001 1169 3041 α
1192 2978 1320 3039 iunioris

237 3062 430 3146 imperatoris
449 3065 588 3126 societate
604 3066 771 3127 recederent
796 3080 826 3127 et
852 3068 965 3128 seniori
985 3065 1164 3127 arctioribus
1183 3061 1319 3123 obedien·

239 3146 305 3207 tiae
322 3146 450 3207 vinculis
468 3148 732 3229 adstringerentur.
757 3170 887 3214 ronrsn.

321 3226 401 3309 Pag.
423 3231 475 3312 93,
499 3233 547 3306 14.
569 3235 736 3294 Romani
753 3235 928 3316 imperii.
954 3234 1037 3314 Opes
1048 3230 1176 3291 Romani
1201 3227 1321 3310 imperii

238 3308 299 3381 hoc
318 3320 454 3392 tempore
468 3334 577 3394 parum
597 3315 738 3376 florentes
759 3315 901 3393 luemmt,
921 3327 967 3378 tot
989 3317 1094 3377 eiiam
1117 3314 1234 3395 regnis,
1249 3329 1324 3393 pro-

238 3393 366 3471 vinciis,
389 3395 516 3457 urbibus
545 3419 600 3479 per
630 3392 776 3459 barbaros
802 3402 919 3480 ereptis.
960 3400 1007 3460 Ex
1034 3396 1092 3458 hac
1112 3396 1237 3457 historia
1258 3392 1322 3454 col·

222 3474 381 3569 'ligimum
413 3478 554 3542 hahuisse
587 3480 686 3542 adhuc
724 3484 920 3560 imperatores
954 3480 1322 3563 constantinopolitanos,

240 3560 379 3641 quamvis
402 3582 464 3623 non
485 3566 586 3625 omnia
610 3566 743 3647 integra,
765 3566 944 3643 Thraciam,
970 3565 1197 3642 Macedoniam,
1217 3559 1327 3642 Bithy-

239 3646 322 3702 niam
344 3646 578 3724 occidentalem,
606 3648 811 3729 Thessaliam,
833 3650 967 3723 Atticam
981 3695 998 3730 „
1020 3650 1196 3725 Boeotiam,
1228 3646 1327 3706 Aean

240 3727 384 3806 naniam,
416 3730 529 3793 insulas
547 3731 811 3814 Peloponnesum,
834 3734 1007 3813 Lemnum,
1029 3732 1177 3806 Thasum,
1200 3729 1324 3799 Chium,

241 3808 391 3888 Lesbum,
416 3814 586 3897 Principis,
602 3817 779 3894 Tenedum,
801 3817 971 3896 Manciam,
998 3827 1135 3878 sanctum
1156 3813 1325 3875 Andream.

240 3890 369 3954 Passum
389 3908 434 3957 est
453 3910 554 3959 autem
575 3899 634 3960 hoc
653 3912 923 3983 quantumcunque
942 3903 984 3961 im
1023 3903 1124 3976 rium,
1144 3902 1176 3958 in
1194 3894 1329 3957 Thracia

242 3978 440 4057 pracsertim,
469 3984 656 4045 incursiones
687 3994 717 4044 et
743 3983 901 4045 latrocinia
931 3985 988 4045 har
1028 4004 1131 4045 rorum
1160 3979 1330 4041 multorum

243 4058 394 4140 plurima,
428 4063 617 4140 ancarum,
647 4065 852 4211 Sepharum,
876 4068 1103 4141 Triballorum,
1133 4066 1328 4136 Moesorum,

243 4141 445 4207 Albanorum.
485 4150 514 4208 A
534 4150 686 4211 Gemmmi
711 4172 746 4211 ns
771 4153 844 4213 item
873 4163 997 4235 propter
1025 4151 1139 4212 Chium
1175 4157 1207 4210 et
1235 4142 1328 4208 Gala·

245 4233 309 4288 tem
329 4249 438 4313 magna
457 4235 572 4315 accepit
593 4232 796 4305 incommoda.
