2900 4676
436 272 494 338 su
511 268 806 339 rusucuzuut
840 272 914 335 uu.
945 274 986 335 11.
1173 247 1254 349 461

172 431 308 498 coniecti
328 444 422 495 eram
443 431 580 495 nmmum
613 430 719 509 oculi,
755 427 844 512 cuod
870 448 922 491 eos
942 428 977 490 in
1005 427 1073 510 legs
1090 428 1255 496 Maltamo-

171 532 252 581 tana
278 518 453 578 institueret
483 534 524 577 ac
532 514 714 595 facultates
740 514 898 609 ceteroqui
919 511 1133 597 amplissimas
1159 517 1253 599 possi·

172 599 270 664 deret.
313 597 425 659 Etiam
444 596 595 660 Sullanus
612 597 689 678 ipse,
710 615 801 677 quem
817 595 979 673 diximus,
1004 594 1161 657 Aladiues
1174 599 1256 683 'plu-

171 684 286 745 rimum
311 682 342 742 ei
362 681 530 745 tribuebat.
570 679 667 741 Hunc
694 679 748 741 ubi
776 681 971 740 conuenisset
999 677 1161 740 Etrusulcs
1173 725 1188 756 ,
1220 693 1255 745 ut

171 765 327 827 somnium
346 762 399 824 illi
414 785 502 825 suum
524 774 709 848 expaneret,
723 759 913 822 Veneranda
930 765 998 832 uir,
1012 761 1075 834 ait,
1086 781 1148 845 per
1166 766 1255 845 quie·

170 862 234 909 tem
254 848 339 908 visus
363 867 431 907 sum
450 844 560 907 uidere
582 843 779 929 splendorem
799 844 895 904 lunae
913 841 1119 925 prodeuntem
1139 866 1157 911 e
1180 848 1255 909 sinn

170 942 239 1003 tuo,
265 932 319 1010 qui
339 948 439 991 meum
467 929 502 990 in
520 928 622 989 sinum
647 936 843 1011 penetraret.
884 925 934 987 Eo
962 946 1033 987 cum
1058 922 1184 991 aetam
1209 951 1255 993 es·
1301 940 1304 946 '

169 1025 227 1086 set,
250 1033 294 1075 ea
315 1012 461 1075 umbilico
490 1030 558 1073 meo
583 1030 663 1073 masc
688 1021 821 1072 enatam
842 1004 944 1092 fuisse
973 1008 1145 1083 arborem,
1170 1032 1254 1096 quae

169 1097 310 1176 rugianos
351 1094 475 1177 aliquot
513 1113 554 1156 ac
586 1092 755 1175 praealtas
791 1103 910 1154 montes
943 1091 1087 1174 latosque
1122 1112 1252 1176 campas

169 1180 284 1241 umbra
306 1197 365 1239 sua
381 1189 509 1256 tegeret.
549 1174 605 1236 Ad
622 1176 707 1257 ipsas
721 1185 829 1238 autem
850 1172 977 1255 radices
993 1175 1121 1238 arboris
1136 1198 1251 1260 percn-

136 1322 140 1329 ,
169 1283 223 1323 nes
246 1280 350 1340 aquas
372 1279 551 1335 emanasse,
576 1259 688 1344 quibus
706 1260 821 1321 uineae
839 1259 962 1341 passim
982 1271 1014 1320 et
1031 1259 1118 1319 barti
1137 1261 1251 1342 irriga·
1358 1314 1361 1320 .

169 1356 302 1406 rentur.-
331 1362 372 1407 ac
393 1341 564 1408 secundum
593 1341 675 1403 baec
701 1354 903 1422 experrectus
923 1338 990 1422 fui.
1037 1342 1251 1424 Posteaquam

112 1450 116 1455 ¹
168 1425 227 1486 diu
244 1426 435 1509 multumque
455 1437 549 1488 sentet
572 1419 742 1503 Edebales,
764 1425 820 1507 qui
842 1441 866 1485 a
890 1424 954 1484 suis
971 1422 1026 1484 uir
1043 1436 1170 1486 sanctus
1190 1426 1264 1497 na,

169 1509 320 1582 bebatur,
341 1509 381 1571 ob
402 1507 695 1594 interpretationem
714 1506 830 1570 samnii
849 1506 998 1587 torsisset,
1019 1503 1150 1568 tandem
1171 1526 1250 1572 ora-

167 1593 253 1653 tione
273 1590 323 1653 ad
341 1590 522 1657 Etrucuiem
542 1612 721 1673 conuersa,
743 1592 901 1654 Nascetur
925 1590 985 1653 tibi
1003 1586 1115 1675 filisu,
1133 1589 1248 1676 inquit,

166 1677 219 1735 uir
242 1676 368 1759 optime,
394 1677 446 1737 eui
469 1695 583 1741 nomen
605 1677 668 1737 erit
691 1676 822 1737 Osman.
860 1671 895 1735 Is
911 1673 996 1734 bella
1019 1672 1166 1756 plurima
1192 1694 1249 1756 ge-

166 1769 241 1835 ret,
274 1777 315 1820 ac
332 1758 452 1841 posteri
482 1759 530 1821 tui
549 1756 697 1841 deinceps
726 1777 811 1838 reges
843 1769 1058 1841 terrarumque
1087 1758 1247 1842 principes

166 1851 266 1906 erunt.
306 1841 383 1903 Mea
424 1861 522 1926 noque
532 1839 619 1923 filia
639 1852 781 1923 nuptura
796 1852 844 1902 est
856 1836 999 1916 osmari,
1020 1858 1065 1902 ea
1083 1857 1151 1924 qua
1167 1862 1247 1924 pra·

163 1921 285 1984 creabit
305 1922 360 1983 ille
377 1863 519 2001 liberos,
542 1922 604 2007 qui
624 1921 674 1985 ad
696 1923 885 2004 dignitatem
908 1923 1030 2002 regiam
1061 1926 1248 2011 pervenient

163 2024 205 2066 ac
222 2024 265 2087 pa
288 2004 348 2065 ulis
371 2025 441 2068 cum
467 2006 601 2091 imperio
626 2018 811 2088 praeerunt.
856 2003 1037 2069 Secundum
1062 2004 1125 2066 illa
1151 2018 1247 2068 natus

149 2087 222 2169 fidt
274 2107 376 2163 sman,
395 2089 449 2174 qui
470 2109 541 2152 cum
562 2087 764 2161 adolevisset,
786 2087 1012 2150 Mabometani
1032 2086 1118 2149 illius
1167 2088 1245 2169 liam

76 2243 80 2253 1
163 2168 260 2231 duxit
281 2191 427 2244 uxorem,
448 2170 489 2232 de
515 2189 581 2255 qua
603 2184 698 2232 natus
724 2181 771 2232 est
802 2170 831 2239 ei
847 2170 943 2254 filaus
977 2167 1106 2233 Ureban
1151 2191 1247 2254 quem

162 2250 338 2314 Orcheuem
367 2264 470 2317 nostru
498 2251 625 2315 historia
645 2254 770 2331 voest).
811 2252 946 2336 &mque
970 2250 1090 2315 Osman
1111 2256 1246 2337 prouin-

160 2337 219 2399 ciis
237 2334 358 2421 aliam
380 2356 457 2398 occu
479 2337 543 2397 atis
562 2337 778 2420 principatum
798 2334 858 2398 sibi
878 2336 1096 2415 constituisset,
1113 2349 1245 2422 partem

161 2417 319 2480 ditionum
338 2420 421 2480 inter
464 2439 534 2481 uces
561 2418 737 2495 militares,
784 2420 819 2478 ui
837 2436 878 2479 ea
897 2418 932 2479 in
954 2416 1029 2481 loca
1058 2440 1125 2481 cum
1144 2418 1244 2481 Etru-

159 2501 229 2562 cule
241 2514 337 2585 patre
357 2513 527 2573 uenerant,
558 2502 730 2564 liberaliter
754 2440 937 2563 distribuit.-
970 2521 995 2562 a
1024 2504 1134 2587 quibus
1160 2503 1242 2565 illae

160 2587 301 2664 regiones
328 2581 479 2682 hodieque
502 2587 633 2648 nomina
663 2604 723 2645 sua
745 2584 879 2645 sortitae
910 2597 993 2646 sunt.
1034 2584 1153 2648 Itidem
1178 2585 1245 2647 Ur-

158 2667 257 2728 stant
265 2667 348 2750 filio
366 2665 588 2743 dittunculam‚
604 2668 655 2728 cui
673 2687 784 2729 nomen
795 2663 1058 2749 iltismSaugagi
1077 2681 1108 2731 et
1125 2687 1246 2751 cogna-

154 2769 229 2813 men
254 2753 395 2830 Inunge,
426 2751 582 2812 concessit.
605 2768 738 2815 eoursu.

241 2832 404 2916 Pag.357‚
421 2836 467 2895 ιδ.
487 2821 546 2893 nir
566 2834 612 2895 M.
632 2852 689 2914 pro
707 2827 763 2894 uui
786 2829 817 2894 sl
838 2842 869 2893 et
889 2831 977 2896 lin.r
1005 2828 1098 2916 ,ἧσν
1120 2827 1182 2919 ciiij

240 2914 468 2999 Pa30557‚240
490 2912 586 2979 loca
618 2916 838 2983 coniicere.
878 2916 928 2980 De
956 2918 968 2978 i
990 2938 1067 2979 oneo
1090 2855 1168 2981 iico'
1186 2916 1243 2982 eli-

157 2997 264 3083 gendo
287 2999 431 3081 Vegetius
456 2994 527 3059 libr.
547 2998 577 3061 3.
608 3020 676 3082 cap.
703 2999 751 3061 15.
806 2999 948 3079 ‚,Buuum
971 2999 1080 3065 ducem
1100 3007 1244 3066 convenit

156 3103 254 3159 nosse,
278 3101 420 3165 maguum
439 3092 557 3164 partem
585 3084 728 3144 victoriae
745 3085 846 3166 ipsum
867 3082 986 3162 locum,
1009 3086 1042 3146 iu
1067 3107 1130 3170 quo
1153 3086 1244 3148 dimi·

156 3167 287 3229 candum
302 3176 360 3244 est,
377 3164 542 3309 possidere.
582 3165 717 3229 Elabora
732 3187 814 3249 ergo,
836 3176 872 3227 ut
892 3180 1088 3230 conserimus
1104 3190 1240 3247 manum,

156 3254 290 3333 primum
310 3250 456 3311 auxiium
478 3258 580 3331 captes
606 3270 641 3309 ex
668 3248 746 3323 loco,
771 3250 824 3332 qui
845 3261 932 3310 tauto
949 3251 1054 3314 utilior
1075 3252 1241 3334 iudicetur,

156 3344 271 3416 quanto
299 3354 334 3395 su
358 3335 437 3394 erius
458 3333 551 3393 fuerit
583 3343 757 3413 occupatus.
800 3333 837 3392 lu
860 3332 1012 3396 subiectos
1043 3336 1124 3399 euim
1147 3336 1242 3397 vehe-

156 3420 287 3480 mentius
301 3354 362 3479 tess
387 3414 572 3478 descendunt
594 3426 625 3475 et
640 3417 755 3477 maiore
774 3415 890 3498 impetu
923 3417 1092 3480 obuiteutes
1110 3417 1242 3500 persul-

156 3502 218 3563 tior
236 3500 332 3584 pellit.
377 3499 440 3578 Qui
460 3498 585 3560 adverso
613 3500 722 3560 nititur
741 3497 844 3575 clivo,
877 3496 987 3582 duplex
1005 3501 1086 3563 subit
1119 3508 1241 3563 etcum

56 3584 61 3593 '
156 3578 224 3648 loco
247 3594 277 3646 et
300 3580 476 3645 eum=hoste
494 3592 655 3644 certamen.
698 3580 758 3643 Sed
778 3581 831 3643 itta
862 3581 1005 3645 distantia
1024 3595 1087 3663 est,
1107 3583 1191 3666 quud
1213 3585 1270 3647 si‘

157 3663 197 3728 de
230 3666 381 3750 peditibus
405 3667 466 3725 tuis
491 3664 648 3728 victorium
680 3686 782 3748 speras
805 3676 915 3727 contra
941 3667 1061 3750 equites
1092 3665 1238 3741 hostium,

156 3746 231 3811 lucu
246 3771 362 3834 aspera,
384 3746 568 3829 inaequalia,
588 3759 750 3811 montuosa
764 3746 855 3809 debes
882 3746 1001 3830 eligere.
1042 3747 1076 3811 si
1098 3769 1187 3811 veru.
1201 3748 1240 3811 de

57 3890 62 3899 .
156 3832 307 3914 equitibus
324 3835 386 3895 tuis
411 3842 516 3894 contra
536 3831 700 3895 adversarii
719 3829 834 3914 pedites
852 3832 1010 3894 victorium
1025 3834 1167 3915 quaeris,
1191 3852 1240 3893 se-

155 3917 210 3998 qui
227 3914 318 3978 debes
339 3914 433 3999 paulo
450 3914 572 3997 quidem
591 3916 720 3978 editiora
740 3914 829 3990 locu,
852 3914 906 3976 sed
920 3915 1011 3997 plene
1033 3937 1069 3980 uu
1090 3913 1239 4001 petentia,

94 4012 96 4016 ’
155 4019 255 4083 neque
274 3997 390 4082 sylvis,
411 4018 509 4081 neque
528 3997 691 4081 paludibus
712 3996 884 4080 impeditu.”
903 4019 1037 4074 renutu.
1143 4003 1145 4006 ⁴

241 4080 403 4163 raguse,
420 4083 465 4145 13.
489 4078 616 4164 οἷνυσθῇ
637 4084 681 4143 Μ.
703 4103 765 4165 mg.

239 4162 440 4250 Pegasus.
461 4158 663 4249 ἐθρύλλησαν
690 4167 738 4229 Μ.
759 4183 822 4247 mg.
