2900 4676
390 321 447 385 au
481 315 760 427 muraenam
787 320 862 383 ua.
882 322 923 387 11.
1119 295 1204 410 497

64 473 70 481 “
127 472 281 559 quidquid
296 474 336 538 de
351 490 415 539 uuo
442 475 646 560 exprimitur,
663 495 723 537 uon
743 473 862 550 bibente
891 497 966 537 uuas
987 490 1118 540 recentes
1149 478 1210 539 sio·

128 577 233 641 casque
256 579 317 620 nou
338 558 494 623 comedent
512 557 622 627 mucis
640 557 765 633 diebus,
794 559 898 641 quibus
919 579 962 621 cx
983 573 1052 621 uoto
1075 560 1208 624 Domino

128 654 344 703 consecrariusr.
390 636 546 725 Quidquid
562 661 604 703 ex
627 640 719 701 uiua
741 661 800 700 esse
824 654 940 724 potest,
971 640 1012 702 ab
1033 664 1093 703 uuo
1113 664 1209 727 passa

129 741 221 804 usque
241 723 289 784 ad
303 725 434 798 acuum,
462 744 521 785 uon
541 722 701 786 comedent.
745 720 838 782 Omni
861 736 991 806 tenrpore
1010 728 1209 808 separatioru's

128 824 200 867 suae
224 808 376 868 nouamlu
397 827 458 866 non
478 805 618 868 transibit
637 824 699 889 per
716 818 804 889 caput
822 807 885 866 cius
906 826 997 888 usque
1016 808 1061 867 nd
1077 809 1209 892 complc-

129 897 192 961 tum
205 888 295 964 diem,
309 910 366 987 pao
381 888 515 951 Domino
530 900 725 952 cornecratur.
758 886 885 950 Sanctus
904 891 961 949 erit
975 905 1117 951 cmscente
1138 911 1210 952 cae·

128 970 215 1031 sarie
231 972 338 1053 capitis
358 974 420 1032 eius
440 981 497 1030 etc.
538 971 677 1030 Nazaraei
699 969 821 1030 fuerunt
843 971 987 1048 Samson,
1009 982 1045 1033 ut
1063 975 1209 1055 scriptam

129 1062 175 1111 est
197 1052 336 1114 iudicum
359 1074 424 1134 cap.
450 1054 497 1120 ιδ.
518 1065 548 1113 et
567 1052 750 1113 Rechahitae
762 1050 815 1113 lilii
834 1053 988 1131 lonadab,
1012 1067 1134 1135 nepotes
1155 1057 1211 1117 lle·

130 1133 218 1209 ahab,
241 1135 411 1215 Hieremiae
425 1155 495 1216 cap.
509 1135 559 1197 53.
584 1124 664 1196 Beni
685 1146 788 1195 autem
818 1132 876 1195 laoc
899 1135 957 1196 illis
976 1158 1086 1198 nomen
1110 1140 1209 1220 impo-

130 1218 237 1294 nitur3
267 1218 437 1279 Nazaraeos
457 1218 539 1278 enim
559 1229 646 1279 sonat
667 1218 773 1279 Latine
799 1220 1208 1307 separatm,snnctificot1u:

129 1308 161 1359 et
183 1298 258 1360 tales
277 1302 412 1365 Domino
431 1311 608 1381 separantur
627 1300 917 1399 sanctificanturque.
943 1321 1071 1363 maran.
1154 1368 1158 1376 ,

144 1428 147 1435 ,
215 1380 424 1465 Pausias
442 1385 610 1467 pietatis
638 1383 1000 1445 exercitationum.
1043 1382 1136 1464 Apud
1159 1406 1211 1447 sa·

132 1481 203 1523 cros
229 1474 366 1526 auctores
391 1463 497 1529 α’σκεέν
530 1478 576 1530 est
599 1465 691 1525 vitam
713 1475 847 1527 sanctam
868 1487 903 1527 ac
925 1464 1095 1549 religiosam
1115 1467 1210 1550 profi·
1343 1518 1347 1531 ,
1445 1492 1446 1551 l

131 1545 200 1605 teri.
244 1545 336 1607 Unde
371 1536 502 1626 ἄσκησις
533 1543 582 1607 vel
616 1542 780 1627 inspersis
810 1543 880 1627 βίος
908 1569 964 1630 pro
998 1550 1050 1630 pio
1081 1569 1116 1609 ac
1151 1550 1211 1611 Dei

131 1625 232 1709 cultui¹
259 1628 359 1691 dicato
389 1641 479 1711 atque
514 1640 688 1691 consecmto
720 1630 801 1690 vitae
828 1651 936 1711 genere
967 1641 1129 1712 usurpatur
1145 1653 1167 1693 τε
1180 1643 1211 1694 at

132 1701 269 1807 inuria
289 1710 433 1811 appellari
454 1710 539 1788 solet,
565 1713 617 1794 qui
640 1712 758 1808 pietatis
778 1708 921 1808 colendae
940 1710 1041 1772 studio
1059 1734 1096 1814 se⁸
1110 1725 1210 1777 totum

130 1791 1210 1959 ffisst'tlliuffqstzlqltlislfflllff.'’izffdilsntilll.

131 1960 222 2016 etiam
242 1958 322 2040 apud
344 1959 485 2021 Basiliam
504 1957 626 2041 regulae
648 1956 737 2036 illae,
756 1979 842 2040 quas
861 1961 1017 2021 monachia
1044 1963 1209 2042 sanciebat,

131 2033 172 2099 cci
193 2035 346 2119 α’σκητικὰ
367 2042 594 2119 inscribuntur,)
619 2051 736 2102 certam
756 2051 932 2117 esttamen,
958 2062 1025 2102 eam
1044 2040 1135 2105 latius
1193 2078 1211 2093 -

130 2128 194 2182 tere
214 2132 305 2203 atque
328 2123 368 2184 ad
397 2144 449 2185 eos
469 2146 574 2185 omnes
596 2126 687 2183 etiam
708 2127 880 2204 pertinere,
899 2126 952 2205 qui
973 2128 1090 2187 tametsi
1109 2065 1210 2208 μζαιη

4 2209 9 2217 ’
131 2222 167 2263 ac
180 2203 298 2284 publice
310 2217 455 2288 concepto
469 2217 541 2267 voto
554 2207 726 2266 monasticis
739 2202 855 2288 legibus
868 2226 930 2266 sese
942 2207 1065 2267 minime
1077 2207 1211 2269 obstrin-

133 2286 244 2364 xerint‚
265 2298 367 2349 tamen
388 2290 420 2348 in
440 2287 555 2349 mundo
578 2290 620 2347 ita
639 2289 761 2360 vivunt,
785 2297 877 2369 atque
898 2290 972 2348 siin
992 2293 1210 2352 monasterium

130 2370 346 2431 concessissent
376 2381 466 2453 atqua
507 2370 630 2432 abiectis
658 2369 798 2430 omuibus
828 2368 1032 2452 voluptatibus
1063 2393 1099 2433 ac
1130 2374 1211 2435 sitae

133 2449 258 2512 huiusce
278 2454 382 2526 curia,
412 2464 492 2514 totos
511 2474 545 2514 aa
568 2450 607 2512 ad
633 2450 751 2535 pietatis
772 2450 888 2513 cultum
908 2464 938 2514 et
958 2453 1129 2517 divinarum
1160 2477 1211 2521 re·

131 2553 203 2593 rum
222 2534 447 2597 meditationem
463 2535 631 2599 conferunt.
671 2532 777 2597 Billius
796 2534 945 2600 amarat.
968 2557 1080 2606 maran
1104 2537 1158 2601 lib.
1183 2559 1213 2602 1.

131 2634 199 2699 cop.
220 2614 271 2695 io.
294 2638 420 2679 ronan.
747 2650 750 2653 ·

214 2700 293 2781 Pag.
304 2699 376 2775 546,
392 2697 440 2780 ad.
463 2694 704 2779 κατεπειγούσης
724 2700 770 2761 Μ.

216 2779 294 2862 Peg.
308 2781 416 2865 548,9.
436 2781 590 2843 καλοῦντα
610 2780 738 2843 alterum
758 2792 839 2844 recte
859 2803 920 2848 om.
940 2785 986 2845 Μ.

218 2862 445 2944 Pag.548‚1i.
485 2862 669 2925 diuinum
698 2865 827 2926 lumen
862 2868 1111 2928 conuenisse.
1143 2865 1211 2928 Hoc

133 2966 170 3009 ex
189 2943 324 3008 historiis
344 2957 423 3008 mart
482 2966 513 3006 m
535 2956 636 3027 patet,
673 2947 705 3006 in
726 2947 837 3029 qulbus
856 2968 998 3031 persaepe
1018 2948 1127 3031 legas,
1159 2970 1212 3011 eos

132 3039 205 3091 ante
224 3029 358 3091 iudicum
383 3034 423 3091 tri
446 3027 546 3090 unalia
579 3039 609 3089 ct
641 3028 719 3090 inter
747 3050 862 3097 manus,
885 3031 1058 3092 carnificum
1083 3030 1214 3094 ‘coelesti

133 3110 266 3193 quodam
284 3111 444 3195 splendore
463 3108 659 3174 circumfusos
680 3110 792 3174 suisset
831 3134 894 3195 quo
912 3116 997 3196 signo
1026 3115 1110 3175 Deus
1141 3135 1232 3176 suos,

134 3214 199 3255 esse
219 3201 309 3256 testes
340 3195 458 3278 sibique
480 3204 617 3274 acceptos
639 3197 744 3277 testari
764 3192 873 3262 soluit,
913 3197 1028 3259 Verum
1059 3193 1137 3257 illud
1164 3196 1213 3258 di-

132 3278 240 3338 vinum
263 3278 366 3339 lumen
401 3289 534 3340 creatum
555 3276 707 3358 quoddam
728 3277 830 3339 lumen
851 3277 931 3358 fait,
962 3300 1024 3339 noa
1045 3276 1214 3341 divinitatis

133 3358 240 3440 ipsius,
260 3372 296 3422 ut
314 3363 417 3443 inepte
435 3372 466 3422 et
484 3359 606 3421 indocte
624 3359 842 3421 ratiocinantur
871 3361 919 3421 isti
941 3360 1107 3422 Graeculi:
1142 3382 1214 3423 nam

134 3443 302 3526 etquidem
324 3445 455 3526 integros
478 3440 572 3504 libros
593 3462 628 3502 ea
649 3441 687 3503 dc
707 3462 741 3503 re
760 3440 953 3525 scripserunt.
974 3462 1108 3506 ronnas.

216 3525 439 3608 Paestana.
460 3525 677 3587 Antonium
706 3538 850 3587 contro
877 3525 1097 3587 doemones.
1137 3525 1214 3603 Post

135 3604 314 3691 descriptam
329 3609 420 3671 huius
434 3606 609 3670 mactisnrni
623 3604 682 3668 vlri
703 3628 837 3689 pugnam
857 3629 927 3668 cum
945 3607 1153 3684 daemonibus,
1170 3609 1214 3669 ita

135 3687 261 3770 legimns
274 3694 306 3752 iu
322 3693 386 3752 eins
401 3692 472 3769 vita,
484 3691 569 3750 cuius
582 3699 688 3750 auctor
697 3698 740 3751 eat
750 3691 789 3755 D.
800 3688 996 3750 Athanasius.
1024 3687 1095 3750 Nou
1107 3690 1214 3752 obiitus

133 3770 217 3833 lesu
228 3775 438 3836 coldsctatiouis
453 3771 534 3833 serui
548 3771 603 3847 sui,
616 3770 712 3833 eidem
726 3783 878 3855 protector
884 3768 986 3852 factus
1001 3786 1051 3839 est.
1073 3772 1216 3856 Denique

135 3874 203 3915 ctun
227 3856 358 3918 ckvaret
381 3858 500 3930 oculos,
537 3852 617 3921 uidit
640 3853 765 3950 denlper
789 3851 904 3914 culmen
929 3855 1045 3937 aperiri
1069 3867 1099 3915 et
1122 3854 1214 3915 didu-
1291 3900 1295 3909 .

135 3938 189 3997 ctt's
208 3938 330 3999 tenebris
351 3939 471 4000 radium
491 3935 584 3999 adse
604 3935 677 3996 lassu
702 3934 833 4022 iusbrere.
874 3933 947 3997 Post
965 3936 1027 3997 eius
1047 3937 1213 4022 splendoris

134 4018 297 4081 aduenaon
326 4043 381 4083 uec
395 4022 574 4084 daemouon
603 4018 712 4102 aliqua
747 4018 899 4104 apparuit
920 4031 951 4081 et
973 4022 1106 4105 corporis
1126 4016 1215 4081 dolor

136 4114 237 4165 extem
261 4103 292 4163 lo
309 4104 423 4167 deletus
445 4117 498 4165 est·
521 4120 651 4161 sonata.

251 4206 301 4266 ag.
315 4184 428 4265 stas.
450 4179 514 4248 dui
534 4180 605 4250 add.
624 4182 670 4245 Μ.
689 4203 780 4267 supra
800 4181 855 4245 lin.
878 4193 949 4247 ante
969 4175 1154 4266 ipacqploc.

175 4298 386 4356 Comocuecnus
405 4300 456 4354 111.
988 4298 1022 4350 32
