<?xml version="1.0" encoding="UTF-8"?>
<!DOCTYPE html PUBLIC "-//W3C//DTD XHTML 1.0 Transitional//EN"
    "http://www.w3.org/TR/xhtml1/DTD/xhtml1-transitional.dtd">
<html xmlns="http://www.w3.org/1999/xhtml" xml:lang="en" lang="en">
 <head>
  <title>
</title>
<meta http-equiv="Content-Type" content="text/html;charset=utf-8" />
  <meta name='ocr-system' content='tesseract 3.04.00' />
  <meta name='ocr-capabilities' content='ocr_page ocr_carea ocr_par ocr_line ocrx_word'/>
</head>
<body>
  <div class='ocr_page' id='page_1' title='image "./ioanniscantacuz03joangoog_0111.png"; bbox 0 0 2926 4684; ppageno 0'>
   <div class='ocr_carea' id='block_1_1' title="bbox 205 218 946 363">
    <p class='ocr_par' dir='ltr' id='par_1_1' title="bbox 205 218 946 363">
     <span class='ocr_line' id='line_1_1' title="bbox 205 218 946 363; baseline -0.004 -25"><span class='ocrx_word' id='word_1_1' title='bbox 205 251 265 363; x_wconf 68' lang='lat'><strong>94</strong></span> <span class='ocrx_word' id='word_1_2' title='bbox 661 218 946 339; x_wconf 75' lang='lat' dir='ltr'><strong>cluricrnnrtr</strong></span> 
     </span>
    </p>
   </div>
   <div class='ocr_carea' id='block_1_2' title="bbox 44 420 1341 2808">
    <p class='ocr_par' dir='ltr' id='par_1_2' title="bbox 44 420 1341 2318">
     <span class='ocr_line' id='line_1_2' title="bbox 44 420 1292 524; baseline -0.002 -27"><span class='ocrx_word' id='word_1_3' title='bbox 44 431 418 524; x_wconf 66' lang='lat' dir='ltr'><strong>.s.0.1348m⁰2wn023vtl·</strong></span> <span class='ocrx_word' id='word_1_4' title='bbox 439 423 558 510; x_wconf 76' lang='grc' dir='ltr'><strong><em>ἔπεμπε</em></strong></span> <span class='ocrx_word' id='word_1_5' title='bbox 566 429 602 493; x_wconf 76' lang='grc' dir='ltr'><strong>δὲ</strong></span> <span class='ocrx_word' id='word_1_6' title='bbox 611 425 668 493; x_wconf 75' lang='grc' dir='ltr'><strong>ναί</strong></span> <span class='ocrx_word' id='word_1_7' title='bbox 674 426 755 513; x_wconf 80' lang='grc' dir='ltr'><strong><em>πρὸς</em></strong></span> <span class='ocrx_word' id='word_1_8' title='bbox 764 431 899 510; x_wconf 77' lang='grc' dir='ltr'><strong><em>βασιλέα</em></strong></span> <span class='ocrx_word' id='word_1_9' title='bbox 908 426 1084 516; x_wconf 79' lang='grc' dir='ltr'><strong><em>γράμματά</em></strong></span> <span class='ocrx_word' id='word_1_10' title='bbox 1095 420 1292 516; x_wconf 60' lang='grc' dir='ltr'><strong><em>οῦτωάίχον·</em></strong></span> 
     </span>
     <span class='ocr_line' id='line_1_3' title="bbox 201 520 1292 613; baseline 0 -15"><span class='ocrx_word' id='word_1_11' title='bbox 201 555 242 598; x_wconf 84' lang='grc' dir='ltr'><strong>τα</strong></span> <span class='ocrx_word' id='word_1_12' title='bbox 250 534 285 597; x_wconf 76' lang='grc' dir='ltr'><strong>ἐν</strong></span> <span class='ocrx_word' id='word_1_13' title='bbox 295 534 393 608; x_wconf 80' lang='grc' dir='ltr'><em>λέξει·</em></span> <span class='ocrx_word' id='word_1_14' title='bbox 413 530 483 612; x_wconf 69' lang='lat' dir='ltr'><strong>„sle</strong></span> <span class='ocrx_word' id='word_1_15' title='bbox 494 526 531 592; x_wconf 81' lang='grc' dir='ltr'><strong><em>τά</em></strong></span> <span class='ocrx_word' id='word_1_16' title='bbox 546 520 646 610; x_wconf 81' lang='grc' dir='ltr'><strong><em>ὄνομα</em></strong></span> <span class='ocrx_word' id='word_1_17' title='bbox 658 530 801 593; x_wconf 77' lang='grc' dir='ltr'><strong><em>τοῦδεοῦ</em></strong></span> <span class='ocrx_word' id='word_1_18' title='bbox 813 531 871 592; x_wconf 87' lang='grc' dir='ltr'><strong><em>τοῦ</em></strong></span> <span class='ocrx_word' id='word_1_19' title='bbox 882 530 1042 606; x_wconf 75' lang='grc' dir='ltr'><strong><em>ἐλεοῦντος</em></strong></span> <span class='ocrx_word' id='word_1_20' title='bbox 1050 529 1107 594; x_wconf 77' lang='grc' dir='ltr'><strong><em>καί</em></strong></span> <span class='ocrx_word' id='word_1_21' title='bbox 1114 528 1292 613; x_wconf 73' lang='grc' dir='ltr'><strong><em>ἐλεήμονας.</em></strong></span> 
     </span>
     <span class='ocr_line' id='line_1_4' title="bbox 200 623 1292 718; baseline -0.003 -20"><span class='ocrx_word' id='word_1_22' title='bbox 200 627 476 718; x_wconf 86' lang='grc' dir='ltr'><strong><em>μακροημερεῦσοι</em></strong></span> <span class='ocrx_word' id='word_1_23' title='bbox 494 627 513 693; x_wconf 84' lang='grc' dir='ltr'><strong><em>δ</em></strong></span> <span class='ocrx_word' id='word_1_24' title='bbox 530 626 606 707; x_wconf 80' lang='grc' dir='ltr'><strong><em>θεὸς</em></strong></span> <span class='ocrx_word' id='word_1_25' title='bbox 624 626 641 692; x_wconf 81' lang='grc' dir='ltr'><em>ὅ</em></span> <span class='ocrx_word' id='word_1_26' title='bbox 658 623 794 710; x_wconf 77' lang='grc' dir='ltr'><strong><em>ῦψιστος</em></strong></span> <span class='ocrx_word' id='word_1_27' title='bbox 808 626 942 694; x_wconf 85' lang='grc' dir='ltr'><strong><em>πάντοτε</em></strong></span> <span class='ocrx_word' id='word_1_28' title='bbox 959 626 1016 707; x_wconf 82' lang='grc' dir='ltr'><strong><em>τὰς</em></strong></span> <span class='ocrx_word' id='word_1_29' title='bbox 1029 628 1152 716; x_wconf 76' lang='grc' dir='ltr'><strong><em>ἡμέρας</em></strong></span> <span class='ocrx_word' id='word_1_30' title='bbox 1164 633 1218 715; x_wconf 77' lang='grc' dir='ltr'><strong><em>τῆς</em></strong></span> <span class='ocrx_word' id='word_1_31' title='bbox 1232 635 1292 713; x_wconf 77' lang='grc' dir='ltr'><strong><em>βα-</em></strong></span> 
     </span>
     <span class='ocr_line' id='line_1_5' title="bbox 201 723 1291 816; baseline -0.002 -19"><span class='ocrx_word' id='word_1_32' title='bbox 201 733 322 811; x_wconf 85' lang='grc' dir='ltr'><strong><em>σιλείας</em></strong></span> <span class='ocrx_word' id='word_1_33' title='bbox 342 734 400 796; x_wconf 84' lang='grc' dir='ltr'><strong><em>τοῦ</em></strong></span> <span class='ocrx_word' id='word_1_34' title='bbox 418 723 570 815; x_wconf 57' lang='lat' dir='ltr'><strong>pynitus,</strong></span> <span class='ocrx_word' id='word_1_35' title='bbox 590 729 647 794; x_wconf 83' lang='grc' dir='ltr'><strong><em>τοῦ</em></strong></span> <span class='ocrx_word' id='word_1_36' title='bbox 671 727 880 814; x_wconf 83' lang='grc' dir='ltr'><strong><em>εδεργετικοῦ,</em></strong></span> <span class='ocrx_word' id='word_1_37' title='bbox 903 731 960 795; x_wconf 87' lang='grc' dir='ltr'><strong><em>τοῦ</em></strong></span> <span class='ocrx_word' id='word_1_38' title='bbox 977 728 1147 816; x_wconf 74' lang='grc' dir='ltr'><strong><em>φρονιμου,</em></strong></span> <span class='ocrx_word' id='word_1_39' title='bbox 1164 731 1223 794; x_wconf 88' lang='grc' dir='ltr'><strong><em>τοῦ</em></strong></span> <span class='ocrx_word' id='word_1_40' title='bbox 1239 732 1291 795; x_wconf 79' lang='grc' dir='ltr'><strong>λέ-</strong></span> 
     </span>
     <span class='ocr_line' id='line_1_6' title="bbox 198 824 1320 914; baseline -0.004 -19"><span class='ocrx_word' id='word_1_41' title='bbox 198 854 304 911; x_wconf 82' lang='grc' dir='ltr'><strong><em>οντος,</em></strong></span> <span class='ocrx_word' id='word_1_42' title='bbox 336 833 396 907; x_wconf 74' lang='grc' dir='ltr'><strong><em>τοῦ,</em></strong></span> <span class='ocrx_word' id='word_1_43' title='bbox 414 825 578 912; x_wconf 82' lang='grc' dir='ltr'><strong><em>άνδρείου,</em></strong></span> <span class='ocrx_word' id='word_1_44' title='bbox 605 832 664 891; x_wconf 86' lang='grc' dir='ltr'><strong><em>τοῦ</em></strong></span> <span class='ocrx_word' id='word_1_45' title='bbox 688 830 722 891; x_wconf 79' lang='grc' dir='ltr'><strong>δν</strong></span> <span class='ocrx_word' id='word_1_46' title='bbox 743 832 892 910; x_wconf 83' lang='grc' dir='ltr'><strong><em>πολέμοις</em></strong></span> <span class='ocrx_word' id='word_1_47' title='bbox 913 827 1106 914; x_wconf 82' lang='grc' dir='ltr'><strong><em>δρμηιικοῦ,</em></strong></span> <span class='ocrx_word' id='word_1_48' title='bbox 1127 829 1174 904; x_wconf 81' lang='grc' dir='ltr'><strong><em>εἰς</em></strong></span> <span class='ocrx_word' id='word_1_49' title='bbox 1194 824 1231 894; x_wconf 79' lang='lat' dir='ltr'><strong>‘ds</strong></span> <span class='ocrx_word' id='word_1_50' title='bbox 1252 828 1320 893; x_wconf 84' lang='grc' dir='ltr'><strong><em>ου’5</em></strong></span> 
     </span>
     <span class='ocr_line' id='line_1_7' title="bbox 170 924 1291 1015; baseline -0.004 -17"><span class='ocrx_word' id='word_1_51' title='bbox 170 933 340 1009; x_wconf 71' lang='grc' dir='ltr'><strong><em>Βδάναταί</em></strong></span> <span class='ocrx_word' id='word_1_52' title='bbox 353 954 403 1008; x_wconf 85' lang='grc' dir='ltr'><strong><em>τις</em></strong></span> <span class='ocrx_word' id='word_1_53' title='bbox 421 924 580 1014; x_wconf 75' lang='grc' dir='ltr'><strong>ποθῆναι</strong></span> <span class='ocrx_word' id='word_1_54' title='bbox 599 924 782 1013; x_wconf 71' lang='grc' dir='ltr'><strong><em>ἔμπροσθεν</em></strong></span> <span class='ocrx_word' id='word_1_55' title='bbox 803 929 907 994; x_wconf 71' lang='lat' dir='ltr'><strong>orsiesii</strong></span> <span class='ocrx_word' id='word_1_56' title='bbox 917 976 926 1011; x_wconf 90' lang='lat'><strong>,</strong></span> <span class='ocrx_word' id='word_1_57' title='bbox 958 930 1018 992; x_wconf 85' lang='grc' dir='ltr'><strong><em>τοῦ</em></strong></span> <span class='ocrx_word' id='word_1_58' title='bbox 1037 928 1224 1015; x_wconf 74' lang='grc' dir='ltr'><strong><em>σοφωτάτου</em></strong></span> <span class='ocrx_word' id='word_1_59' title='bbox 1245 930 1291 1006; x_wconf 78' lang='grc' dir='ltr'><strong><em>εἰς</em></strong></span> 
     </span>
     <span class='ocr_line' id='line_1_8' title="bbox 198 1025 1291 1115; baseline -0.006 -15"><span class='ocrx_word' id='word_1_60' title='bbox 198 1032 234 1100; x_wconf 84' lang='grc' dir='ltr'><strong><em>τὸ</em></strong></span> <span class='ocrx_word' id='word_1_61' title='bbox 255 1029 358 1115; x_wconf 90' lang='grc' dir='ltr'><strong><em>δάγμα</em></strong></span> <span class='ocrx_word' id='word_1_62' title='bbox 380 1030 492 1112; x_wconf 84' lang='grc' dir='ltr'><strong><em>αδτοῦ,</em></strong></span> <span class='ocrx_word' id='word_1_63' title='bbox 511 1031 571 1093; x_wconf 85' lang='grc' dir='ltr'><strong><em>τοῦ</em></strong></span> <span class='ocrx_word' id='word_1_64' title='bbox 594 1027 791 1095; x_wconf 77' lang='grc' dir='ltr'><strong><em>δικαιοτάτου</em></strong></span> <span class='ocrx_word' id='word_1_65' title='bbox 812 1025 1123 1104; x_wconf 66' lang='lat' dir='ltr'><strong>siccissimum*</strong></span> <span class='ocrx_word' id='word_1_66' title='bbox 1143 1026 1202 1113; x_wconf 76' lang='grc' dir='ltr'><strong>τὴν</strong></span> <span class='ocrx_word' id='word_1_67' title='bbox 1220 1028 1291 1113; x_wconf 74' lang='grc' dir='ltr'><strong><em>χαί·</em></strong></span> 
     </span>
     <span class='ocr_line' id='line_1_9' title="bbox 198 1127 1290 1218; baseline -0.004 -19"><span class='ocrx_word' id='word_1_68' title='bbox 198 1157 261 1218; x_wconf 88' lang='grc' dir='ltr'><strong>ραν</strong></span> <span class='ocrx_word' id='word_1_69' title='bbox 281 1132 395 1213; x_wconf 77' lang='grc' dir='ltr'><strong><em>αὐτοῦ,</em></strong></span> <span class='ocrx_word' id='word_1_70' title='bbox 417 1131 477 1194; x_wconf 89' lang='grc' dir='ltr'><strong><em>τοῦ</em></strong></span> <span class='ocrx_word' id='word_1_71' title='bbox 496 1127 648 1211; x_wconf 73' lang='grc' dir='ltr'><strong>θεμελίου</strong></span> <span class='ocrx_word' id='word_1_72' title='bbox 669 1132 725 1214; x_wconf 71' lang='grc' dir='ltr'><strong><em>τῆς</em></strong></span> <span class='ocrx_word' id='word_1_73' title='bbox 746 1129 879 1205; x_wconf 83' lang='grc' dir='ltr'><strong><em>πίστεως</em></strong></span> <span class='ocrx_word' id='word_1_74' title='bbox 898 1128 955 1194; x_wconf 85' lang='grc' dir='ltr'><strong><em>καί</em></strong></span> <span class='ocrx_word' id='word_1_75' title='bbox 972 1130 1032 1193; x_wconf 85' lang='grc' dir='ltr'><strong><em>τοῦ</em></strong></span> <span class='ocrx_word' id='word_1_76' title='bbox 1053 1127 1210 1211; x_wconf 76' lang='grc' dir='ltr'><strong><em>δόγματος</em></strong></span> <span class='ocrx_word' id='word_1_77' title='bbox 1225 1134 1290 1195; x_wconf 72' lang='grc' dir='ltr'><strong><em>τοῖν</em></strong></span> 
     </span>
     <span class='ocr_line' id='line_1_10' title="bbox 199 1225 1291 1317; baseline -0.003 -18"><span class='ocrx_word' id='word_1_78' title='bbox 199 1233 416 1317; x_wconf 71' lang='grc' dir='ltr'><strong><em>Χριστιανῶν,</em></strong></span> <span class='ocrx_word' id='word_1_79' title='bbox 436 1231 496 1295; x_wconf 82' lang='grc' dir='ltr'><strong><em>τοῦ</em></strong></span> <span class='ocrx_word' id='word_1_80' title='bbox 519 1231 621 1303; x_wconf 86' lang='grc' dir='ltr'><strong><em>κίονος</em></strong></span> <span class='ocrx_word' id='word_1_81' title='bbox 639 1233 698 1294; x_wconf 92' lang='grc' dir='ltr'><strong><em>τοῦ</em></strong></span> <span class='ocrx_word' id='word_1_82' title='bbox 721 1231 870 1295; x_wconf 86' lang='grc' dir='ltr'><strong><em>α’σείστοο</em></strong></span> <span class='ocrx_word' id='word_1_83' title='bbox 891 1225 1039 1296; x_wconf 71' lang='grc' dir='ltr'><strong><em>ἁπάντων</em></strong></span> <span class='ocrx_word' id='word_1_84' title='bbox 1057 1234 1120 1296; x_wconf 82' lang='grc' dir='ltr'><strong><em>τοῦν</em></strong></span> <span class='ocrx_word' id='word_1_85' title='bbox 1137 1235 1291 1314; x_wconf 61' lang='lat' dir='ltr'><strong>deplanat-</strong></span> 
     </span>
     <span class='ocr_line' id='line_1_11' title="bbox 198 1327 1341 1417; baseline -0.007 -19"><span class='ocrx_word' id='word_1_86' title='bbox 198 1333 343 1415; x_wconf 78' lang='grc' dir='ltr'><strong><em>σμίνων,</em></strong></span> <span class='ocrx_word' id='word_1_87' title='bbox 364 1334 423 1394; x_wconf 87' lang='grc' dir='ltr'><strong><em>τοῦ</em></strong></span> <span class='ocrx_word' id='word_1_88' title='bbox 441 1333 566 1413; x_wconf 74' lang='grc' dir='ltr'><strong><em>βοηθοῦ</em></strong></span> <span class='ocrx_word' id='word_1_89' title='bbox 584 1332 647 1395; x_wconf 73' lang='grc' dir='ltr'><strong><em>ταῖν</em></strong></span> <span class='ocrx_word' id='word_1_90' title='bbox 664 1327 831 1413; x_wconf 76' lang='grc' dir='ltr'><strong>δογμάτων</strong></span> <span class='ocrx_word' id='word_1_91' title='bbox 847 1332 908 1395; x_wconf 87' lang='grc' dir='ltr'><strong><em>τοῦ</em></strong></span> <span class='ocrx_word' id='word_1_92' title='bbox 931 1333 1096 1416; x_wconf 88' lang='grc' dir='ltr'><strong><em>Χριστοῦ,</em></strong></span> <span class='ocrx_word' id='word_1_93' title='bbox 1129 1334 1187 1417; x_wconf 77' lang='grc' dir='ltr'><strong><em>τῆς</em></strong></span> <span class='ocrx_word' id='word_1_94' title='bbox 1205 1332 1288 1397; x_wconf 83' lang='lat' dir='ltr'><strong>onsi-</strong></span> <span class='ocrx_word' id='word_1_95' title='bbox 1302 1348 1341 1390; x_wconf 85' lang='lat' dir='ltr'><strong>ro</strong></span> 
     </span>
     <span class='ocr_line' id='line_1_12' title="bbox 197 1426 1290 1517; baseline -0.001 -20"><span class='ocrx_word' id='word_1_96' title='bbox 197 1435 259 1517; x_wconf 73' lang='grc' dir='ltr'><strong>δης</strong></span> <span class='ocrx_word' id='word_1_97' title='bbox 276 1433 339 1497; x_wconf 84' lang='grc' dir='ltr'><strong><em>τοῦν</em></strong></span> <span class='ocrx_word' id='word_1_98' title='bbox 357 1426 570 1507; x_wconf 79' lang='grc' dir='ltr'><strong><em>Μακεδόνων,</em></strong></span> <span class='ocrx_word' id='word_1_99' title='bbox 590 1431 651 1495; x_wconf 86' lang='grc' dir='ltr'><strong><em>τοῦ</em></strong></span> <span class='ocrx_word' id='word_1_100' title='bbox 673 1427 826 1511; x_wconf 67' lang='grc' dir='ltr'><strong><em>Σαμψών,</em></strong></span> <span class='ocrx_word' id='word_1_101' title='bbox 848 1433 908 1495; x_wconf 84' lang='grc' dir='ltr'><strong><em>τοῦ</em></strong></span> <span class='ocrx_word' id='word_1_102' title='bbox 926 1431 1081 1512; x_wconf 80' lang='grc' dir='ltr'><strong><em>βασιλέως</em></strong></span> <span class='ocrx_word' id='word_1_103' title='bbox 1101 1433 1165 1497; x_wconf 85' lang='grc' dir='ltr'><strong><em>τοῦν</em></strong></span> <span class='ocrx_word' id='word_1_104' title='bbox 1180 1427 1290 1515; x_wconf 73' lang='grc' dir='ltr'><strong><em>Ἕλλη-</em></strong></span> 
     </span>
     <span class='ocr_line' id='line_1_13' title="bbox 195 1526 1289 1614; baseline -0.003 -16"><span class='ocrx_word' id='word_1_105' title='bbox 195 1556 273 1614; x_wconf 86' lang='grc' dir='ltr'><strong><em>νοον,</em></strong></span> <span class='ocrx_word' id='word_1_106' title='bbox 292 1532 350 1596; x_wconf 88' lang='grc' dir='ltr'><strong><em>τοῦ</em></strong></span> <span class='ocrx_word' id='word_1_107' title='bbox 368 1531 525 1612; x_wconf 77' lang='grc' dir='ltr'><strong><em>βασιλέως</em></strong></span> <span class='ocrx_word' id='word_1_108' title='bbox 545 1531 610 1594; x_wconf 76' lang='grc' dir='ltr'><strong>τάν</strong></span> <span class='ocrx_word' id='word_1_109' title='bbox 631 1526 835 1614; x_wconf 86' lang='grc' dir='ltr'><strong><em>Βουλγάρων,</em></strong></span> <span class='ocrx_word' id='word_1_110' title='bbox 855 1529 1097 1612; x_wconf 76' lang='grc' dir='ltr'><strong><em>τῦνἍσανίων,</em></strong></span> <span class='ocrx_word' id='word_1_111' title='bbox 1115 1533 1180 1596; x_wconf 78' lang='grc' dir='ltr'><strong>τάν</strong></span> <span class='ocrx_word' id='word_1_112' title='bbox 1199 1531 1289 1597; x_wconf 87' lang='grc' dir='ltr'><strong><em>Βλά-</em></strong></span> 
     </span>
     <span class='ocr_line' id='line_1_14' title="bbox 195 1621 1289 1715; baseline 0.001 -20"><span class='ocrx_word' id='word_1_113' title='bbox 195 1655 276 1714; x_wconf 75' lang='grc' dir='ltr'><strong><em>γων,</em></strong></span> <span class='ocrx_word' id='word_1_114' title='bbox 302 1632 366 1695; x_wconf 81' lang='grc' dir='ltr'><strong>οῦν</strong></span> <span class='ocrx_word' id='word_1_115' title='bbox 389 1625 516 1695; x_wconf 82' lang='grc' dir='ltr'><strong><em>Ῥάσων</em></strong></span> <span class='ocrx_word' id='word_1_116' title='bbox 542 1629 598 1693; x_wconf 68' lang='lat' dir='ltr'><strong>sos*</strong></span> <span class='ocrx_word' id='word_1_117' title='bbox 615 1630 679 1693; x_wconf 83' lang='grc' dir='ltr'><strong><em>τιῦν</em></strong></span> <span class='ocrx_word' id='word_1_118' title='bbox 697 1621 848 1711; x_wconf 76' lang='grc' dir='ltr'><strong><em>Ἀλανῶν,</em></strong></span> <span class='ocrx_word' id='word_1_119' title='bbox 868 1633 925 1713; x_wconf 75' lang='grc' dir='ltr'><strong><em>τῆς</em></strong></span> <span class='ocrx_word' id='word_1_120' title='bbox 943 1631 1036 1715; x_wconf 82' lang='grc' dir='ltr'><strong><em>τιμῆς</em></strong></span> <span class='ocrx_word' id='word_1_121' title='bbox 1056 1633 1115 1695; x_wconf 85' lang='grc' dir='ltr'><strong><em>τοῦ</em></strong></span> <span class='ocrx_word' id='word_1_122' title='bbox 1135 1630 1289 1714; x_wconf 81' lang='grc' dir='ltr'><strong><em>δόγματος</em></strong></span> 
     </span>
     <span class='ocr_line' id='line_1_15' title="bbox 196 1723 1289 1815; baseline 0.002 -20"><span class='ocrx_word' id='word_1_123' title='bbox 196 1735 262 1795; x_wconf 78' lang='grc' dir='ltr'><strong>τῶν</strong></span> <span class='ocrx_word' id='word_1_124' title='bbox 278 1729 410 1814; x_wconf 72' lang='grc' dir='ltr'><strong><em>Ἰβήρων</em></strong></span> <span class='ocrx_word' id='word_1_125' title='bbox 434 1730 490 1792; x_wconf 79' lang='grc' dir='ltr'><strong><em>καί</em></strong></span> <span class='ocrx_word' id='word_1_126' title='bbox 506 1729 570 1793; x_wconf 75' lang='grc' dir='ltr'><strong>τάν</strong></span> <span class='ocrx_word' id='word_1_127' title='bbox 591 1723 728 1811; x_wconf 80' lang='grc' dir='ltr'><strong><em>Σάρων,</em></strong></span> <span class='ocrx_word' id='word_1_128' title='bbox 758 1729 819 1792; x_wconf 89' lang='grc' dir='ltr'><strong><em>τοῦ</em></strong></span> <span class='ocrx_word' id='word_1_129' title='bbox 837 1725 1032 1813; x_wconf 78' lang='grc' dir='ltr'><strong><em>κληρονόμου</em></strong></span> <span class='ocrx_word' id='word_1_130' title='bbox 1053 1731 1109 1815; x_wconf 77' lang='grc' dir='ltr'><strong><em>τῆς</em></strong></span> <span class='ocrx_word' id='word_1_131' title='bbox 1125 1735 1289 1814; x_wconf 71' lang='lat' dir='ltr'><strong>dunolmiae</strong></span> 
     </span>
     <span class='ocr_line' id='line_1_16' title="bbox 194 1826 1338 1914; baseline -0.019 2"><span class='ocrx_word' id='word_1_132' title='bbox 194 1833 256 1914; x_wconf 60' lang='lat' dir='ltr'><strong>‘fii</strong></span> <span class='ocrx_word' id='word_1_133' title='bbox 275 1832 334 1914; x_wconf 74' lang='grc' dir='ltr'><strong>ίῆς</strong></span> <span class='ocrx_word' id='word_1_134' title='bbox 355 1828 473 1909; x_wconf 77' lang='grc' dir='ltr'><strong><em>αὐτοῦ,</em></strong></span> <span class='ocrx_word' id='word_1_135' title='bbox 503 1829 559 1892; x_wconf 84' lang='grc' dir='ltr'><strong><em>τοῦ</em></strong></span> <span class='ocrx_word' id='word_1_136' title='bbox 580 1826 739 1893; x_wconf 75' lang='grc' dir='ltr'><strong><em>αδθέντου</em></strong></span> <span class='ocrx_word' id='word_1_137' title='bbox 757 1830 820 1893; x_wconf 74' lang='lat' dir='ltr'><strong>sois</strong></span> <span class='ocrx_word' id='word_1_138' title='bbox 840 1831 1015 1894; x_wconf 77' lang='grc' dir='ltr'><strong><em>θαλασσῦν</em></strong></span> <span class='ocrx_word' id='word_1_139' title='bbox 1034 1831 1091 1894; x_wconf 80' lang='grc' dir='ltr'><strong><em>καί</em></strong></span> <span class='ocrx_word' id='word_1_140' title='bbox 1107 1834 1169 1895; x_wconf 73' lang='grc' dir='ltr'><strong>τῶν</strong></span> <span class='ocrx_word' id='word_1_141' title='bbox 1188 1831 1338 1898; x_wconf 79' lang='lat' dir='ltr'><strong>noro-15</strong></span> 
     </span>
     <span class='ocr_line' id='line_1_17' title="bbox 168 1924 1288 2015; baseline 0.004 -21"><span class='ocrx_word' id='word_1_142' title='bbox 168 1930 268 2014; x_wconf 61' lang='lat' dir='ltr'><strong>cassis</strong></span> <span class='ocrx_word' id='word_1_143' title='bbox 295 1931 360 1994; x_wconf 78' lang='grc' dir='ltr'><strong>τῶν</strong></span> <span class='ocrx_word' id='word_1_144' title='bbox 388 1924 535 2010; x_wconf 80' lang='grc' dir='ltr'><strong><em>μεγάλων</em></strong></span> <span class='ocrx_word' id='word_1_145' title='bbox 555 1929 611 1993; x_wconf 80' lang='grc' dir='ltr'><strong><em>καί</em></strong></span> <span class='ocrx_word' id='word_1_146' title='bbox 633 1928 695 1993; x_wconf 80' lang='grc' dir='ltr'><strong>τῶν</strong></span> <span class='ocrx_word' id='word_1_147' title='bbox 715 1926 830 2013; x_wconf 77' lang='grc' dir='ltr'><strong><em>νήσων,</em></strong></span> <span class='ocrx_word' id='word_1_148' title='bbox 846 1926 997 2012; x_wconf 79' lang='grc' dir='ltr'><strong><em>Ἀγγδλου</em></strong></span> <span class='ocrx_word' id='word_1_149' title='bbox 1019 1932 1190 2015; x_wconf 81' lang='grc' dir='ltr'><strong><em>Κομνηνοῦ</em></strong></span> <span class='ocrx_word' id='word_1_150' title='bbox 1211 1937 1288 1998; x_wconf 87' lang='grc' dir='ltr'><strong><em>Πα-</em></strong></span> 
     </span>
     <span class='ocr_line' id='line_1_18' title="bbox 194 2022 1283 2115; baseline 0.004 -20"><span class='ocrx_word' id='word_1_151' title='bbox 194 2025 364 2113; x_wconf 80' lang='grc' dir='ltr'><strong><em>λαιολάγου</em></strong></span> <span class='ocrx_word' id='word_1_152' title='bbox 392 2031 453 2094; x_wconf 90' lang='grc' dir='ltr'><strong><em>τοῦ</em></strong></span> <span class='ocrx_word' id='word_1_153' title='bbox 479 2030 756 2113; x_wconf 82' lang='grc' dir='ltr'><strong><em>Καντακουζηνοῦ.</em></strong></span> <span class='ocrx_word' id='word_1_154' title='bbox 804 2025 939 2094; x_wconf 86' lang='grc' dir='ltr'><strong><em>πάντοτε</em></strong></span> <span class='ocrx_word' id='word_1_155' title='bbox 958 2031 979 2115; x_wconf 80' lang='grc' dir='ltr'><em>ἦ</em></span> <span class='ocrx_word' id='word_1_156' title='bbox 1000 2033 1148 2114; x_wconf 81' lang='grc' dir='ltr'><strong><em>βασιλεία</em></strong></span> <span class='ocrx_word' id='word_1_157' title='bbox 1169 2022 1226 2098; x_wconf 84' lang='grc' dir='ltr'><strong>σου</strong></span> <span class='ocrx_word' id='word_1_158' title='bbox 1246 2031 1283 2099; x_wconf 83' lang='grc' dir='ltr'><strong><em>τά</em></strong></span> 
     </span>
     <span class='ocr_line' id='line_1_19' title="bbox 195 2104 1286 2219; baseline 0.004 -25"><span class='ocrx_word' id='word_1_159' title='bbox 195 2104 444 2214; x_wconf 41' lang='grc' dir='ltr'><strong><em>θέλημαιαδτῆς</em></strong></span> <span class='ocrx_word' id='word_1_160' title='bbox 462 2124 501 2193; x_wconf 86' lang='grc' dir='ltr'><strong>νά</strong></span> <span class='ocrx_word' id='word_1_161' title='bbox 522 2125 558 2193; x_wconf 78' lang='grc' dir='ltr'><strong><em>τά</em></strong></span> <span class='ocrx_word' id='word_1_162' title='bbox 577 2131 655 2215; x_wconf 77' lang='grc' dir='ltr'><strong><em>ζητῇ</em></strong></span> <span class='ocrx_word' id='word_1_163' title='bbox 667 2126 729 2192; x_wconf 79' lang='grc' dir='ltr'><strong>άπὸ</strong></span> <span class='ocrx_word' id='word_1_164' title='bbox 747 2126 806 2214; x_wconf 77' lang='grc' dir='ltr'><strong>την</strong></span> <span class='ocrx_word' id='word_1_165' title='bbox 819 2128 1031 2216; x_wconf 75' lang='grc' dir='ltr'><strong><em>Σοολτανιιιῆν</em></strong></span> <span class='ocrx_word' id='word_1_166' title='bbox 1049 2130 1196 2210; x_wconf 71' lang='grc' dir='ltr'><strong><em>ἐξουσίαν</em></strong></span> <span class='ocrx_word' id='word_1_167' title='bbox 1205 2157 1286 2219; x_wconf 88' lang='grc' dir='ltr'><strong><em>μου,</em></strong></span> 
     </span>
     <span class='ocr_line' id='line_1_20' title="bbox 196 2221 1284 2318; baseline 0.005 -24"><span class='ocrx_word' id='word_1_168' title='bbox 196 2232 252 2294; x_wconf 77' lang='grc' dir='ltr'><strong><em>καί</em></strong></span> <span class='ocrx_word' id='word_1_169' title='bbox 278 2221 342 2293; x_wconf 77' lang='lat' dir='ltr'><strong>int</strong></span> <span class='ocrx_word' id='word_1_170' title='bbox 363 2225 401 2292; x_wconf 82' lang='grc' dir='ltr'><strong><em>τὸ</em></strong></span> <span class='ocrx_word' id='word_1_171' title='bbox 416 2222 565 2312; x_wconf 77' lang='grc' dir='ltr'><strong><em>δσπὴτιάν</em></strong></span> <span class='ocrx_word' id='word_1_172' title='bbox 585 2251 650 2309; x_wconf 87' lang='grc' dir='ltr'><strong><em>μας</em></strong></span> <span class='ocrx_word' id='word_1_173' title='bbox 680 2224 714 2292; x_wconf 87' lang='grc' dir='ltr'><strong><em>τά</em></strong></span> <span class='ocrx_word' id='word_1_174' title='bbox 744 2226 933 2313; x_wconf 77' lang='grc' dir='ltr'><strong><em>ἡγιασμένον</em></strong></span> <span class='ocrx_word' id='word_1_175' title='bbox 961 2230 1017 2295; x_wconf 83' lang='grc' dir='ltr'><strong><em>καί</em></strong></span> <span class='ocrx_word' id='word_1_176' title='bbox 1034 2238 1284 2318; x_wconf 69' lang='grc' dir='ltr'><strong><em>πεφωτισμένον,</em></strong></span> 
     </span>
    </p>

    <p class='ocr_par' dir='ltr' id='par_1_3' title="bbox 130 2323 1335 2719">
     <span class='ocr_line' id='line_1_21' title="bbox 136 2323 1335 2420; baseline 0.002 -26"><span class='ocrx_word' id='word_1_177' title='bbox 136 2402 140 2409; x_wconf 24' lang='grc' dir='ltr'><strong>Δ</strong></span> <span class='ocrx_word' id='word_1_178' title='bbox 195 2327 251 2394; x_wconf 79' lang='grc' dir='ltr'><strong><em>καί</em></strong></span> <span class='ocrx_word' id='word_1_179' title='bbox 270 2323 314 2404; x_wconf 78' lang='grc' dir='ltr'><strong>ὥς</strong></span> <span class='ocrx_word' id='word_1_180' title='bbox 336 2324 453 2411; x_wconf 81' lang='grc' dir='ltr'><strong><em>ἔχομεν</em></strong></span> <span class='ocrx_word' id='word_1_181' title='bbox 473 2328 578 2391; x_wconf 79' lang='grc' dir='ltr'><strong><em>πᾶσαν</em></strong></span> <span class='ocrx_word' id='word_1_182' title='bbox 597 2324 735 2410; x_wconf 75' lang='grc' dir='ltr'><strong><em>δύναμιν</em></strong></span> <span class='ocrx_word' id='word_1_183' title='bbox 755 2325 795 2394; x_wconf 93' lang='grc' dir='ltr'><strong>νά</strong></span> <span class='ocrx_word' id='word_1_184' title='bbox 821 2331 988 2414; x_wconf 72' lang='grc' dir='ltr'><strong><em>κληρῶμεν</em></strong></span> <span class='ocrx_word' id='word_1_185' title='bbox 1006 2328 1065 2416; x_wconf 68' lang='grc' dir='ltr'><strong>τὴν</strong></span> <span class='ocrx_word' id='word_1_186' title='bbox 1085 2327 1206 2418; x_wconf 85' lang='grc' dir='ltr'><strong><em>ῦγάπην</em></strong></span> <span class='ocrx_word' id='word_1_187' title='bbox 1227 2337 1284 2420; x_wconf 81' lang='grc' dir='ltr'><strong><em>τῆς</em></strong></span> <span class='ocrx_word' id='word_1_188' title='bbox 1293 2355 1335 2397; x_wconf 85' lang='lat' dir='ltr'><strong>ao</strong></span> 
     </span>
     <span class='ocr_line' id='line_1_22' title="bbox 193 2422 1283 2516; baseline 0.006 -24"><span class='ocrx_word' id='word_1_189' title='bbox 193 2427 358 2513; x_wconf 78' lang='grc' dir='ltr'><strong><em>βασιλείας</em></strong></span> <span class='ocrx_word' id='word_1_190' title='bbox 371 2451 440 2507; x_wconf 90' lang='grc' dir='ltr'><strong><em>σου,</em></strong></span> <span class='ocrx_word' id='word_1_191' title='bbox 465 2422 523 2491; x_wconf 80' lang='grc' dir='ltr'><strong><em>καὶ</em></strong></span> <span class='ocrx_word' id='word_1_192' title='bbox 541 2424 651 2502; x_wconf 75' lang='grc' dir='ltr'><strong><em>καθώς</em></strong></span> <span class='ocrx_word' id='word_1_193' title='bbox 670 2426 837 2513; x_wconf 72' lang='grc' dir='ltr'><strong><em>εὑρίσκετο</em></strong></span> <span class='ocrx_word' id='word_1_194' title='bbox 847 2430 915 2494; x_wconf 74' lang='grc' dir='ltr'><strong>οῦν</strong></span> <span class='ocrx_word' id='word_1_195' title='bbox 934 2429 1096 2512; x_wconf 82' lang='grc' dir='ltr'><strong><em>προγόνων</em></strong></span> <span class='ocrx_word' id='word_1_196' title='bbox 1114 2432 1173 2516; x_wconf 79' lang='grc' dir='ltr'><strong><em>τῆς</em></strong></span> <span class='ocrx_word' id='word_1_197' title='bbox 1189 2437 1283 2516; x_wconf 77' lang='grc' dir='ltr'><strong><em>βασι-</em></strong></span> 
     </span>
     <span class='ocr_line' id='line_1_23' title="bbox 130 2522 1283 2616; baseline 0.003 -23"><span class='ocrx_word' id='word_1_198' title='bbox 130 2574 136 2581; x_wconf 84' lang='lat'><strong>·</strong></span> <span class='ocrx_word' id='word_1_199' title='bbox 193 2530 282 2602; x_wconf 83' lang='grc' dir='ltr'><strong><em>λείας</em></strong></span> <span class='ocrx_word' id='word_1_200' title='bbox 300 2549 360 2593; x_wconf 90' lang='grc' dir='ltr'><strong>σου</strong></span> <span class='ocrx_word' id='word_1_201' title='bbox 382 2522 465 2608; x_wconf 89' lang='grc' dir='ltr'><strong><em>μετά</em></strong></span> <span class='ocrx_word' id='word_1_202' title='bbox 485 2527 548 2591; x_wconf 71' lang='grc' dir='ltr'><strong><em>τοῖν</em></strong></span> <span class='ocrx_word' id='word_1_203' title='bbox 570 2522 731 2609; x_wconf 78' lang='grc' dir='ltr'><strong><em>προγόνων</em></strong></span> <span class='ocrx_word' id='word_1_204' title='bbox 750 2529 807 2612; x_wconf 81' lang='grc' dir='ltr'><strong><em>τῆς</em></strong></span> <span class='ocrx_word' id='word_1_205' title='bbox 824 2528 1036 2613; x_wconf 81' lang='grc' dir='ltr'><strong><em>Σουλτανικῇς</em></strong></span> <span class='ocrx_word' id='word_1_206' title='bbox 1055 2531 1283 2616; x_wconf 74' lang='grc' dir='ltr'><strong><em>ἐξουσίαςμου,</em></strong></span> 
     </span>
     <span class='ocr_line' id='line_1_24' title="bbox 193 2615 1284 2719; baseline 0.01 -29"><span class='ocrx_word' id='word_1_207' title='bbox 193 2629 251 2691; x_wconf 75' lang='grc' dir='ltr'><strong><em>κατ’</em></strong></span> <span class='ocrx_word' id='word_1_208' title='bbox 277 2623 387 2701; x_wconf 66' lang='lat' dir='ltr'><strong>andoin</strong></span> <span class='ocrx_word' id='word_1_209' title='bbox 416 2626 593 2710; x_wconf 77' lang='grc' dir='ltr'><strong><em>ἐπληροῦτο</em></strong></span> <span class='ocrx_word' id='word_1_210' title='bbox 613 2620 634 2710; x_wconf 77' lang='grc' dir='ltr'><em>ἦ</em></span> <span class='ocrx_word' id='word_1_211' title='bbox 655 2615 758 2710; x_wconf 76' lang='grc' dir='ltr'><strong><em>ὄρεξις</em></strong></span> <span class='ocrx_word' id='word_1_212' title='bbox 777 2628 843 2693; x_wconf 81' lang='grc' dir='ltr'><strong>τῦν</strong></span> <span class='ocrx_word' id='word_1_213' title='bbox 860 2630 1019 2710; x_wconf 79' lang='grc' dir='ltr'><strong><em>βασιλέων</em></strong></span> <span class='ocrx_word' id='word_1_214' title='bbox 1037 2632 1101 2695; x_wconf 81' lang='grc' dir='ltr'><strong>τάν</strong></span> <span class='ocrx_word' id='word_1_215' title='bbox 1120 2632 1284 2719; x_wconf 85' lang='grc' dir='ltr'><strong><em>προγόνων</em></strong></span> 
     </span>
    </p>

    <p class='ocr_par' dir='ltr' id='par_1_4' title="bbox 265 2734 593 2808">
     <span class='ocr_line' id='line_1_25' title="bbox 265 2734 593 2808; baseline -0.018 -13"><span class='ocrx_word' id='word_1_216' title='bbox 265 2741 290 2795; x_wconf 81' lang='grc'><strong>3.</strong></span> <span class='ocrx_word' id='word_1_217' title='bbox 309 2738 325 2792; x_wconf 85' lang='grc' dir='ltr'><strong><em>δ</em></strong></span> <span class='ocrx_word' id='word_1_218' title='bbox 344 2745 408 2792; x_wconf 84' lang='lat' dir='ltr'><strong>ante</strong></span> <span class='ocrx_word' id='word_1_219' title='bbox 427 2734 477 2808; x_wconf 70' lang='grc' dir='ltr'><strong><em>δεμ.</em></strong></span> <span class='ocrx_word' id='word_1_220' title='bbox 495 2755 548 2792; x_wconf 87' lang='lat' dir='ltr'><strong>om.</strong></span> <span class='ocrx_word' id='word_1_221' title='bbox 566 2738 593 2790; x_wconf 89' lang='lat' dir='ltr'><strong>P.</strong></span> 
     </span>
    </p>
   </div>
   <div class='ocr_carea' id='block_1_3' title="bbox 185 2831 1282 4265">
    <p class='ocr_par' dir='ltr' id='par_1_5' title="bbox 190 2831 1282 3554">
     <span class='ocr_line' id='line_1_26' title="bbox 193 2831 1282 2904; baseline 0.006 -14"><span class='ocrx_word' id='word_1_222' title='bbox 193 2834 329 2893; x_wconf 72' lang='lat' dir='ltr'><strong>Audierat</strong></span> <span class='ocrx_word' id='word_1_223' title='bbox 353 2838 429 2889; x_wconf 82' lang='lat' dir='ltr'><strong>eninr</strong></span> <span class='ocrx_word' id='word_1_224' title='bbox 452 2832 488 2888; x_wconf 88' lang='lat' dir='ltr'><strong>de</strong></span> <span class='ocrx_word' id='word_1_225' title='bbox 514 2833 682 2904; x_wconf 73' lang='lat' dir='ltr'>imperatore</span> <span class='ocrx_word' id='word_1_226' title='bbox 705 2831 841 2904; x_wconf 84' lang='lat' dir='ltr'><strong>quaedam</strong></span> <span class='ocrx_word' id='word_1_227' title='bbox 859 2835 990 2902; x_wconf 80' lang='lat' dir='ltr'><strong>mirifica,</strong></span> <span class='ocrx_word' id='word_1_228' title='bbox 1015 2845 1046 2893; x_wconf 84' lang='lat' dir='ltr'><strong>et</strong></span> <span class='ocrx_word' id='word_1_229' title='bbox 1064 2840 1123 2895; x_wconf 88' lang='lat' dir='ltr'><strong>eius</strong></span> <span class='ocrx_word' id='word_1_230' title='bbox 1143 2840 1282 2896; x_wconf 71' lang='lat' dir='ltr'>amicitiae</span> 
     </span>
     <span class='ocr_line' id='line_1_27' title="bbox 192 2903 1282 2977; baseline 0.006 -17"><span class='ocrx_word' id='word_1_231' title='bbox 192 2907 388 2977; x_wconf 70' lang='lat' dir='ltr'>cupidissimus</span> <span class='ocrx_word' id='word_1_232' title='bbox 407 2914 475 2970; x_wconf 85' lang='lat' dir='ltr'><strong>erat,</strong></span> <span class='ocrx_word' id='word_1_233' title='bbox 493 2903 728 2975; x_wconf 74' lang='lat' dir='ltr'>patriarchamque</span> <span class='ocrx_word' id='word_1_234' title='bbox 741 2903 775 2955; x_wconf 84' lang='lat' dir='ltr'><strong>ad</strong></span> <span class='ocrx_word' id='word_1_235' title='bbox 792 2913 912 2957; x_wconf 88' lang='lat' dir='ltr'><strong>sanctam</strong></span> <span class='ocrx_word' id='word_1_236' title='bbox 925 2910 1063 2964; x_wconf 79' lang='lat' dir='ltr'><strong>civitatem</strong></span> <span class='ocrx_word' id='word_1_237' title='bbox 1079 2915 1200 2977; x_wconf 80' lang='lat' dir='ltr'><strong>mittens,</strong></span> <span class='ocrx_word' id='word_1_238' title='bbox 1216 2916 1282 2968; x_wconf 86' lang='lat' dir='ltr'><strong>bar·</strong></span> 
     </span>
     <span class='ocr_line' id='line_1_28' title="bbox 193 2974 1281 3052; baseline 0.006 -24"><span class='ocrx_word' id='word_1_239' title='bbox 193 2977 323 3031; x_wconf 78' lang='lat' dir='ltr'><strong>berorum</strong></span> <span class='ocrx_word' id='word_1_240' title='bbox 336 2978 393 3029; x_wconf 87' lang='lat' dir='ltr'><strong>illic</strong></span> <span class='ocrx_word' id='word_1_241' title='bbox 403 2979 573 3044; x_wconf 83' lang='lat' dir='ltr'><strong>magistratui</strong></span> <span class='ocrx_word' id='word_1_242' title='bbox 588 2977 736 3044; x_wconf 84' lang='lat' dir='ltr'><strong>praecepit,</strong></span> <span class='ocrx_word' id='word_1_243' title='bbox 755 2974 926 3027; x_wconf 86' lang='lat' dir='ltr'><strong>Gerasimum</strong></span> <span class='ocrx_word' id='word_1_244' title='bbox 942 2982 1129 3052; x_wconf 79' lang='lat' dir='ltr'><strong>expellerent,</strong></span> <span class='ocrx_word' id='word_1_245' title='bbox 1148 2984 1281 3039; x_wconf 80' lang='lat' dir='ltr'><strong>Lanarum</strong></span> 
     </span>
     <span class='ocr_line' id='line_1_29' title="bbox 192 3045 1281 3128; baseline 0.001 -27"><span class='ocrx_word' id='word_1_246' title='bbox 192 3049 376 3119; x_wconf 70' lang='lat' dir='ltr'><strong>patriarcham</strong></span> <span class='ocrx_word' id='word_1_247' title='bbox 397 3047 580 3109; x_wconf 74' lang='lat' dir='ltr'><strong>honorarent,</strong></span> <span class='ocrx_word' id='word_1_248' title='bbox 597 3045 724 3116; x_wconf 85' lang='lat' dir='ltr'><strong>nihilque</strong></span> <span class='ocrx_word' id='word_1_249' title='bbox 740 3045 795 3109; x_wconf 90' lang='lat' dir='ltr'><strong>illi,</strong></span> <span class='ocrx_word' id='word_1_250' title='bbox 814 3046 971 3117; x_wconf 85' lang='lat' dir='ltr'><strong>episcopum</strong></span> <span class='ocrx_word' id='word_1_251' title='bbox 993 3051 1209 3108; x_wconf 77' lang='lat' dir='ltr'><strong>Christianorum</strong></span> <span class='ocrx_word' id='word_1_252' title='bbox 1230 3073 1281 3128; x_wconf 66' lang='lat' dir='ltr'><strong>per</strong></span> 
     </span>
     <span class='ocr_line' id='line_1_30' title="bbox 190 3114 1281 3186; baseline 0.005 -13"><span class='ocrx_word' id='word_1_253' title='bbox 190 3119 376 3173; x_wconf 79' lang='lat' dir='ltr'><strong>Palaestinam</strong></span> <span class='ocrx_word' id='word_1_254' title='bbox 406 3118 519 3186; x_wconf 75' lang='lat' dir='ltr'><strong>agenti,</strong></span> <span class='ocrx_word' id='word_1_255' title='bbox 544 3114 730 3170; x_wconf 85' lang='lat' dir='ltr'><strong>molestiarum</strong></span> <span class='ocrx_word' id='word_1_256' title='bbox 755 3114 928 3171; x_wconf 83' lang='lat' dir='ltr'><strong>lacesserent.</strong></span> <span class='ocrx_word' id='word_1_257' title='bbox 974 3121 1016 3175; x_wconf 80' lang='lat' dir='ltr'><strong>Ad</strong></span> <span class='ocrx_word' id='word_1_258' title='bbox 1033 3124 1101 3178; x_wconf 85' lang='lat' dir='ltr'><strong>haec</strong></span> <span class='ocrx_word' id='word_1_259' title='bbox 1118 3124 1224 3181; x_wconf 86' lang='lat' dir='ltr'><strong>litteras</strong></span> <span class='ocrx_word' id='word_1_260' title='bbox 1242 3127 1281 3181; x_wconf 85' lang='lat' dir='ltr'><strong>sd</strong></span> 
     </span>
     <span class='ocr_line' id='line_1_31' title="bbox 191 3184 1280 3259; baseline 0.004 -17"><span class='ocrx_word' id='word_1_261' title='bbox 191 3191 387 3259; x_wconf 85' lang='lat' dir='ltr'><strong>imperatorem</strong></span> <span class='ocrx_word' id='word_1_262' title='bbox 406 3187 485 3240; x_wconf 86' lang='lat' dir='ltr'><strong>dedit</strong></span> <span class='ocrx_word' id='word_1_263' title='bbox 503 3189 533 3239; x_wconf 88' lang='lat' dir='ltr'><strong>in</strong></span> <span class='ocrx_word' id='word_1_264' title='bbox 551 3186 623 3239; x_wconf 80' lang='lat' dir='ltr'><strong>haec</strong></span> <span class='ocrx_word' id='word_1_265' title='bbox 648 3184 746 3238; x_wconf 85' lang='lat' dir='ltr'><strong>rerba:</strong></span> <span class='ocrx_word' id='word_1_266' title='bbox 771 3187 825 3249; x_wconf 89' lang='lat' dir='ltr'><strong>„in</strong></span> <span class='ocrx_word' id='word_1_267' title='bbox 844 3189 958 3245; x_wconf 81' lang='lat' dir='ltr'><strong>nomina</strong></span> <span class='ocrx_word' id='word_1_268' title='bbox 969 3192 1029 3249; x_wconf 63' lang='lat' dir='ltr'><strong>,nei</strong></span> <span class='ocrx_word' id='word_1_269' title='bbox 1048 3197 1232 3251; x_wconf 78' lang='lat' dir='ltr'><strong>misericordis</strong></span> <span class='ocrx_word' id='word_1_270' title='bbox 1250 3205 1280 3251; x_wconf 84' lang='lat' dir='ltr'><strong>et</strong></span> 
     </span>
     <span class='ocr_line' id='line_1_32' title="bbox 191 3256 1280 3340; baseline 0.006 -27"><span class='ocrx_word' id='word_1_271' title='bbox 191 3260 371 3313; x_wconf 80' lang='lat' dir='ltr'><strong>miseratoris.</strong></span> <span class='ocrx_word' id='word_1_272' title='bbox 414 3257 549 3311; x_wconf 81' lang='lat' dir='ltr'><strong>Producat</strong></span> <span class='ocrx_word' id='word_1_273' title='bbox 576 3258 650 3309; x_wconf 87' lang='lat' dir='ltr'><strong>Dens</strong></span> <span class='ocrx_word' id='word_1_274' title='bbox 667 3256 813 3310; x_wconf 88' lang='lat' dir='ltr'><strong>altissimus</strong></span> <span class='ocrx_word' id='word_1_275' title='bbox 832 3275 941 3329; x_wconf 84' lang='lat' dir='ltr'><strong>semper</strong></span> <span class='ocrx_word' id='word_1_276' title='bbox 961 3264 1020 3318; x_wconf 85' lang='lat' dir='ltr'><strong>&#39;dies</strong></span> <span class='ocrx_word' id='word_1_277' title='bbox 1040 3268 1158 3337; x_wconf 88' lang='lat' dir='ltr'><strong>imperii,</strong></span> <span class='ocrx_word' id='word_1_278' title='bbox 1177 3271 1280 3340; x_wconf 74' lang='lat' dir='ltr'><strong>magni,</strong></span> 
     </span>
     <span class='ocr_line' id='line_1_33' title="bbox 190 3327 1280 3410; baseline 0.008 -26"><span class='ocrx_word' id='word_1_279' title='bbox 190 3329 322 3392; x_wconf 76' lang='lat' dir='ltr'><strong>benefici,</strong></span> <span class='ocrx_word' id='word_1_280' title='bbox 340 3328 494 3400; x_wconf 85' lang='lat' dir='ltr'><strong>prudentis,</strong></span> <span class='ocrx_word' id='word_1_281' title='bbox 511 3328 612 3391; x_wconf 88' lang='lat' dir='ltr'><strong>leonis,</strong></span> <span class='ocrx_word' id='word_1_282' title='bbox 622 3327 710 3391; x_wconf 81' lang='lat' dir='ltr'><strong>fortis,</strong></span> <span class='ocrx_word' id='word_1_283' title='bbox 728 3327 869 3383; x_wconf 87' lang='lat' dir='ltr'><strong>bellatoris</strong></span> <span class='ocrx_word' id='word_1_284' title='bbox 881 3337 996 3398; x_wconf 87' lang='lat' dir='ltr'><strong>strenui,</strong></span> <span class='ocrx_word' id='word_1_285' title='bbox 1011 3337 1088 3390; x_wconf 82' lang='lat' dir='ltr'><strong>euius</strong></span> <span class='ocrx_word' id='word_1_286' title='bbox 1102 3348 1280 3410; x_wconf 76' lang='lat' dir='ltr'><strong>conspectum</strong></span> 
     </span>
     <span class='ocr_line' id='line_1_34' title="bbox 191 3400 1279 3478; baseline 0.006 -24"><span class='ocrx_word' id='word_1_287' title='bbox 191 3401 266 3456; x_wconf 76' lang='lat' dir='ltr'><strong>ferro</strong></span> <span class='ocrx_word' id='word_1_288' title='bbox 284 3401 455 3453; x_wconf 76' lang='lat' dir='ltr'><strong>adversarius</strong></span> <span class='ocrx_word' id='word_1_289' title='bbox 472 3414 552 3452; x_wconf 82' lang='lat' dir='ltr'><strong>nemo</strong></span> <span class='ocrx_word' id='word_1_290' title='bbox 570 3406 676 3470; x_wconf 87' lang='lat' dir='ltr'><strong>potest,</strong></span> <span class='ocrx_word' id='word_1_291' title='bbox 700 3400 896 3469; x_wconf 82' lang='lat' dir='ltr'><strong>sapientissimi</strong></span> <span class='ocrx_word' id='word_1_292' title='bbox 914 3404 944 3458; x_wconf 85' lang='lat' dir='ltr'><strong>in</strong></span> <span class='ocrx_word' id='word_1_293' title='bbox 960 3406 1110 3478; x_wconf 77' lang='lat' dir='ltr'><strong>religione,</strong></span> <span class='ocrx_word' id='word_1_294' title='bbox 1134 3411 1279 3463; x_wconf 87' lang='lat' dir='ltr'><strong>iustissimi</strong></span> 
     </span>
     <span class='ocr_line' id='line_1_35' title="bbox 190 3468 1278 3554; baseline 0.011 -32"><span class='ocrx_word' id='word_1_295' title='bbox 190 3473 224 3524; x_wconf 91' lang='lat' dir='ltr'><strong>in</strong></span> <span class='ocrx_word' id='word_1_296' title='bbox 243 3474 304 3525; x_wconf 88' lang='lat' dir='ltr'><strong>ioco</strong></span> <span class='ocrx_word' id='word_1_297' title='bbox 328 3480 358 3525; x_wconf 85' lang='lat' dir='ltr'><strong>et</strong></span> <span class='ocrx_word' id='word_1_298' title='bbox 378 3472 490 3540; x_wconf 81' lang='lat' dir='ltr'><strong>regione</strong></span> <span class='ocrx_word' id='word_1_299' title='bbox 508 3486 575 3534; x_wconf 87' lang='lat' dir='ltr'><strong>sua,</strong></span> <span class='ocrx_word' id='word_1_300' title='bbox 591 3468 762 3523; x_wconf 82' lang='lat' dir='ltr'><strong>fundamenti</strong></span> <span class='ocrx_word' id='word_1_301' title='bbox 785 3471 1001 3529; x_wconf 83' lang='lat' dir='ltr'><strong>Christianorum</strong></span> <span class='ocrx_word' id='word_1_302' title='bbox 1028 3478 1097 3532; x_wconf 83' lang='lat' dir='ltr'><strong>iidei</strong></span> <span class='ocrx_word' id='word_1_303' title='bbox 1115 3489 1199 3554; x_wconf 86' lang='lat' dir='ltr'><strong>atque</strong></span> <span class='ocrx_word' id='word_1_304' title='bbox 1224 3483 1278 3535; x_wconf 85' lang='lat' dir='ltr'><strong>‹lo-</strong></span> 
     </span>
    </p>

    <p class='ocr_par' dir='ltr' id='par_1_6' title="bbox 193 3541 1278 3693">
     <span class='ocr_line' id='line_1_36' title="bbox 212 3541 1278 3615; baseline 0.011 -21"><span class='ocrx_word' id='word_1_305' title='bbox 212 3544 300 3607; x_wconf 87' lang='lat' dir='ltr'><strong>matis,</strong></span> <span class='ocrx_word' id='word_1_306' title='bbox 311 3544 432 3597; x_wconf 86' lang='lat' dir='ltr'><strong>omnium</strong></span> <span class='ocrx_word' id='word_1_307' title='bbox 443 3542 605 3605; x_wconf 82' lang='lat' dir='ltr'><strong>sacrofonte</strong></span> <span class='ocrx_word' id='word_1_308' title='bbox 615 3541 798 3607; x_wconf 86' lang='lat' dir='ltr'><strong>initiatorum,</strong></span> <span class='ocrx_word' id='word_1_309' title='bbox 810 3543 955 3597; x_wconf 85' lang='lat' dir='ltr'><strong>colomnae</strong></span> <span class='ocrx_word' id='word_1_310' title='bbox 965 3549 1123 3615; x_wconf 86' lang='lat' dir='ltr'><strong>immobilis,</strong></span> <span class='ocrx_word' id='word_1_311' title='bbox 1136 3552 1278 3607; x_wconf 80' lang='lat' dir='ltr'><strong>doctrinae</strong></span> 
     </span>
     <span class='ocr_line' id='line_1_37' title="bbox 193 3561 1278 3693; baseline 0.01 -28"><span class='ocrx_word' id='word_1_312' title='bbox 193 3561 297 3667; x_wconf 69' lang='lat' dir='ltr'><strong>lirim</strong></span> <span class='ocrx_word' id='word_1_313' title='bbox 311 3613 530 3685; x_wconf 80' lang='lat' dir='ltr'><strong>propugnatoris,</strong></span> <span class='ocrx_word' id='word_1_314' title='bbox 545 3613 629 3683; x_wconf 82' lang='lat' dir='ltr'><strong>gladii</strong></span> <span class='ocrx_word' id='word_1_315' title='bbox 642 3611 832 3677; x_wconf 81' lang='lat' dir='ltr'><strong>Macedonum,</strong></span> <span class='ocrx_word' id='word_1_316' title='bbox 851 3617 921 3687; x_wconf 76' lang='lat' dir='ltr'><strong>regis</strong></span> <span class='ocrx_word' id='word_1_317' title='bbox 939 3618 1113 3685; x_wconf 80' lang='lat' dir='ltr'><strong>Graecorum,</strong></span> <span class='ocrx_word' id='word_1_318' title='bbox 1129 3627 1201 3693; x_wconf 78' lang='lat' dir='ltr'><strong>regis</strong></span> <span class='ocrx_word' id='word_1_319' title='bbox 1211 3623 1278 3676; x_wconf 86' lang='lat' dir='ltr'><strong>Bul·</strong></span> 
     </span>
    </p>

    <p class='ocr_par' dir='ltr' id='par_1_7' title="bbox 185 3681 1277 4265">
     <span class='ocr_line' id='line_1_38' title="bbox 211 3681 1277 3755; baseline 0.012 -20"><span class='ocrx_word' id='word_1_320' title='bbox 211 3702 327 3749; x_wconf 84' lang='lat' dir='ltr'><strong>arorum,</strong></span> <span class='ocrx_word' id='word_1_321' title='bbox 340 3684 510 3749; x_wconf 76' lang='lat' dir='ltr'><strong>dauniorum,</strong></span> <span class='ocrx_word' id='word_1_322' title='bbox 527 3681 705 3751; x_wconf 79' lang='lat' dir='ltr'><strong>Blachorum,</strong></span> <span class='ocrx_word' id='word_1_323' title='bbox 724 3683 887 3740; x_wconf 83' lang='lat' dir='ltr'><strong>lihossorom</strong></span> <span class='ocrx_word' id='word_1_324' title='bbox 904 3696 933 3742; x_wconf 83' lang='lat' dir='ltr'><strong>et</strong></span> <span class='ocrx_word' id='word_1_325' title='bbox 949 3690 1107 3755; x_wconf 78' lang='lat' dir='ltr'><strong>Alanorom,</strong></span> <span class='ocrx_word' id='word_1_326' title='bbox 1119 3696 1277 3748; x_wconf 80' lang='lat' dir='ltr'><strong>ornamenti</strong></span> 
     </span>
     <span class='ocr_line' id='line_1_39' title="bbox 191 3702 1277 3833; baseline 0.009 -24"><span class='ocrx_word' id='word_1_327' title='bbox 191 3702 327 3828; x_wconf 69' lang='lat' dir='ltr'><strong>dogmatis</strong></span> <span class='ocrx_word' id='word_1_328' title='bbox 347 3756 488 3809; x_wconf 88' lang='lat' dir='ltr'><strong>lherorum</strong></span> <span class='ocrx_word' id='word_1_329' title='bbox 505 3761 534 3809; x_wconf 90' lang='lat' dir='ltr'><strong>et</strong></span> <span class='ocrx_word' id='word_1_330' title='bbox 551 3754 693 3824; x_wconf 85' lang='lat' dir='ltr'><strong>Syrorum,</strong></span> <span class='ocrx_word' id='word_1_331' title='bbox 711 3753 821 3808; x_wconf 84' lang='lat' dir='ltr'><strong>heredis</strong></span> <span class='ocrx_word' id='word_1_332' title='bbox 838 3756 948 3828; x_wconf 86' lang='lat' dir='ltr'><strong>imperii</strong></span> <span class='ocrx_word' id='word_1_333' title='bbox 963 3777 1108 3833; x_wconf 71' lang='lat' dir='ltr'><strong>regnorum</strong></span> <span class='ocrx_word' id='word_1_334' title='bbox 1125 3766 1195 3829; x_wconf 86' lang='lat' dir='ltr'><strong>eius,</strong></span> <span class='ocrx_word' id='word_1_335' title='bbox 1213 3783 1277 3820; x_wconf 88' lang='lat' dir='ltr'><strong>ma·-</strong></span> 
     </span>
     <span class='ocr_line' id='line_1_40' title="bbox 190 3825 1275 3905; baseline 0.013 -28"><span class='ocrx_word' id='word_1_336' title='bbox 190 3829 263 3878; x_wconf 89' lang='lat' dir='ltr'><strong>rium</strong></span> <span class='ocrx_word' id='word_1_337' title='bbox 289 3835 318 3880; x_wconf 92' lang='lat' dir='ltr'><strong>et</strong></span> <span class='ocrx_word' id='word_1_338' title='bbox 333 3845 490 3896; x_wconf 82' lang='lat' dir='ltr'><strong>magnorum</strong></span> <span class='ocrx_word' id='word_1_339' title='bbox 512 3825 656 3879; x_wconf 85' lang='lat' dir='ltr'><strong>fluminum</strong></span> <span class='ocrx_word' id='word_1_340' title='bbox 678 3835 706 3880; x_wconf 84' lang='lat' dir='ltr'><strong>et</strong></span> <span class='ocrx_word' id='word_1_341' title='bbox 723 3826 891 3893; x_wconf 82' lang='lat' dir='ltr'><strong>insularum,</strong></span> <span class='ocrx_word' id='word_1_342' title='bbox 921 3830 1026 3886; x_wconf 88' lang='lat' dir='ltr'><strong>domini</strong></span> <span class='ocrx_word' id='word_1_343' title='bbox 1039 3834 1136 3905; x_wconf 75' lang='lat' dir='ltr'><strong>Angeli</strong></span> <span class='ocrx_word' id='word_1_344' title='bbox 1156 3837 1275 3891; x_wconf 88' lang='lat' dir='ltr'><strong>Comne-</strong></span> 
     </span>
     <span class='ocr_line' id='line_1_41' title="bbox 189 3897 1275 3973; baseline 0.009 -24"><span class='ocrx_word' id='word_1_345' title='bbox 189 3900 219 3949; x_wconf 87' lang='lat' dir='ltr'><strong>ni</strong></span> <span class='ocrx_word' id='word_1_346' title='bbox 239 3897 394 3969; x_wconf 76' lang='lat' dir='ltr'><strong>Psioeoiogi</strong></span> <span class='ocrx_word' id='word_1_347' title='bbox 412 3897 603 3951; x_wconf 83' lang='lat' dir='ltr'><strong>Cantacnzeni.</strong></span> <span class='ocrx_word' id='word_1_348' title='bbox 638 3898 765 3950; x_wconf 82' lang='lat' dir='ltr'><strong>Maiestas</strong></span> <span class='ocrx_word' id='word_1_349' title='bbox 783 3906 849 3963; x_wconf 86' lang='lat' dir='ltr'><strong>suo,</strong></span> <span class='ocrx_word' id='word_1_350' title='bbox 874 3901 951 3971; x_wconf 88' lang='lat' dir='ltr'><strong>quod</strong></span> <span class='ocrx_word' id='word_1_351' title='bbox 974 3905 999 3957; x_wconf 86' lang='lat' dir='ltr'><strong>si</strong></span> <span class='ocrx_word' id='word_1_352' title='bbox 1023 3906 1156 3973; x_wconf 82' lang='lat' dir='ltr'><strong>placitum</strong></span> <span class='ocrx_word' id='word_1_353' title='bbox 1174 3916 1233 3972; x_wconf 83' lang='lat' dir='ltr'><strong>est,</strong></span> <span class='ocrx_word' id='word_1_354' title='bbox 1257 3925 1275 3959; x_wconf 82' lang='lat' dir='ltr'><strong>a</strong></span> 
     </span>
     <span class='ocr_line' id='line_1_42' title="bbox 188 3968 1276 4043; baseline 0.012 -24"><span class='ocrx_word' id='word_1_355' title='bbox 188 3968 329 4022; x_wconf 75' lang='lat' dir='ltr'><strong>Sullanica</strong></span> <span class='ocrx_word' id='word_1_356' title='bbox 346 3971 469 4038; x_wconf 87' lang='lat' dir='ltr'><strong>potentis</strong></span> <span class='ocrx_word' id='word_1_357' title='bbox 488 3978 597 4033; x_wconf 79' lang='lat' dir='ltr'><strong>nostra,</strong></span> <span class='ocrx_word' id='word_1_358' title='bbox 616 3970 646 4023; x_wconf 88' lang='lat' dir='ltr'><strong>&#39;et</strong></span> <span class='ocrx_word' id='word_1_359' title='bbox 661 3970 828 4022; x_wconf 81' lang='lat' dir='ltr'><strong>sanctificata</strong></span> <span class='ocrx_word' id='word_1_360' title='bbox 844 3979 928 4043; x_wconf 83' lang='lat' dir='ltr'><strong>atque</strong></span> <span class='ocrx_word' id='word_1_361' title='bbox 946 3975 1101 4029; x_wconf 85' lang='lat' dir='ltr'><strong>illuminata</strong></span> <span class='ocrx_word' id='word_1_362' title='bbox 1123 3977 1205 4032; x_wconf 87' lang='lat' dir='ltr'><strong>domo</strong></span> <span class='ocrx_word' id='word_1_363' title='bbox 1222 3998 1276 4032; x_wconf 90' lang='lat' dir='ltr'><strong>no·</strong></span> 
     </span>
     <span class='ocr_line' id='line_1_43' title="bbox 187 4033 1274 4117; baseline 0.012 -27"><span class='ocrx_word' id='word_1_364' title='bbox 187 4046 242 4090; x_wconf 91' lang='lat' dir='ltr'><strong>stra</strong></span> <span class='ocrx_word' id='word_1_365' title='bbox 267 4056 374 4111; x_wconf 85' lang='lat' dir='ltr'><strong>semper</strong></span> <span class='ocrx_word' id='word_1_366' title='bbox 400 4039 530 4111; x_wconf 76' lang='lat' dir='ltr'><strong>requirat</strong></span> <span class='ocrx_word' id='word_1_367' title='bbox 573 4033 643 4094; x_wconf 84' lang='lat' dir='ltr'><strong>Nar‘n</strong></span> <span class='ocrx_word' id='word_1_368' title='bbox 662 4058 712 4110; x_wconf 89' lang='lat' dir='ltr'><strong>pro</strong></span> <span class='ocrx_word' id='word_1_369' title='bbox 734 4057 767 4094; x_wconf 85' lang='lat' dir='ltr'><strong>eo</strong></span> <span class='ocrx_word' id='word_1_370' title='bbox 793 4056 898 4109; x_wconf 87' lang='lat' dir='ltr'><strong>amore,</strong></span> <span class='ocrx_word' id='word_1_371' title='bbox 921 4062 977 4117; x_wconf 86' lang='lat' dir='ltr'><strong>quo</strong></span> <span class='ocrx_word' id='word_1_372' title='bbox 994 4049 1138 4102; x_wconf 85' lang='lat' dir='ltr'><strong>amborum</strong></span> <span class='ocrx_word' id='word_1_373' title='bbox 1155 4053 1274 4104; x_wconf 83' lang='lat' dir='ltr'><strong>maiores</strong></span> 
     </span>
     <span class='ocr_line' id='line_1_44' title="bbox 186 4109 1273 4188; baseline 0.013 -28"><span class='ocrx_word' id='word_1_374' title='bbox 186 4109 261 4164; x_wconf 86' lang='lat' dir='ltr'><strong>inter</strong></span> <span class='ocrx_word' id='word_1_375' title='bbox 284 4128 314 4165; x_wconf 84' lang='lat' dir='ltr'><strong>se</strong></span> <span class='ocrx_word' id='word_1_376' title='bbox 336 4111 476 4168; x_wconf 83' lang='lat' dir='ltr'><strong>coniuncti</strong></span> <span class='ocrx_word' id='word_1_377' title='bbox 497 4112 623 4175; x_wconf 84' lang='lat' dir='ltr'><strong>suerunt,</strong></span> <span class='ocrx_word' id='word_1_378' title='bbox 651 4120 679 4163; x_wconf 85' lang='lat' dir='ltr'><strong>et</strong></span> <span class='ocrx_word' id='word_1_379' title='bbox 697 4128 747 4164; x_wconf 88' lang='lat' dir='ltr'><strong>nos</strong></span> <span class='ocrx_word' id='word_1_380' title='bbox 766 4127 828 4185; x_wconf 75' lang='lat' dir='ltr'><strong>erpa</strong></span> <span class='ocrx_word' id='word_1_381' title='bbox 845 4120 875 4167; x_wconf 88' lang='lat' dir='ltr'><strong>te</strong></span> <span class='ocrx_word' id='word_1_382' title='bbox 891 4130 997 4179; x_wconf 86' lang='lat' dir='ltr'><strong>snmus,</strong></span> <span class='ocrx_word' id='word_1_383' title='bbox 1015 4128 1148 4188; x_wconf 85' lang='lat' dir='ltr'><strong>quantum</strong></span> <span class='ocrx_word' id='word_1_384' title='bbox 1164 4121 1273 4176; x_wconf 80' lang='lat' dir='ltr'><strong>viribus</strong></span> 
     </span>
     <span class='ocr_line' id='line_1_45' title="bbox 185 4181 1273 4265; baseline 0.01 -31"><span class='ocrx_word' id='word_1_385' title='bbox 185 4196 349 4252; x_wconf 86' lang='lat' dir='ltr'><strong>possumus,</strong></span> <span class='ocrx_word' id='word_1_386' title='bbox 373 4191 481 4239; x_wconf 85' lang='lat' dir='ltr'><strong>santum</strong></span> <span class='ocrx_word' id='word_1_387' title='bbox 502 4183 556 4237; x_wconf 84' lang='lat' dir='ltr'><strong>tibi</strong></span> <span class='ocrx_word' id='word_1_388' title='bbox 581 4181 802 4256; x_wconf 76' lang='lat' dir='ltr'><strong>gratificabimur.</strong></span> <span class='ocrx_word' id='word_1_389' title='bbox 846 4186 883 4241; x_wconf 81' lang='lat' dir='ltr'><strong>lit</strong></span> <span class='ocrx_word' id='word_1_390' title='bbox 909 4188 1140 4261; x_wconf 81' lang='lat' dir='ltr'><strong>quomadmodum</strong></span> <span class='ocrx_word' id='word_1_391' title='bbox 1161 4200 1273 4265; x_wconf 83' lang='lat' dir='ltr'><strong>patrum</strong></span> 
     </span>
    </p>
   </div>
   <div class='ocr_carea' id='block_1_4' title="bbox 0 0 1468 4684">
    <p class='ocr_par' dir='ltr' id='par_1_8' title="bbox 0 0 1468 4684">
     <span class='ocr_line' id='line_1_46' title="bbox 0 0 1468 4684; baseline 0 7"><span class='ocrx_word' id='word_1_392' title='bbox 0 0 1468 4684; x_wconf 95' lang='lat' dir='ltr'><strong> </strong></span> 
     </span>
    </p>
   </div>
  </div>
 </body>
</html>
