3020 4684
103 470 172 526 be
186 471 250 529 1355
259 463 317 527 οδκ
337 460 508 547 ἠθέλησας.
530 457 578 524 ου’
590 456 656 545 μήν
667 452 738 525 ἀλλ’
756 458 789 525 εἴ
806 484 839 526 τι
858 463 917 526 καὶ
934 462 993 545 τῆς
1013 457 1106 536 ἀνίας
1124 453 1343 540 ἀπολέλειπτο,

259 562 318 649 (οδ
333 559 395 647 γάρ
419 553 477 624 ode
498 555 685 644 ἀρνήσομαι,
707 557 761 642 ὥς,
784 561 904 625 ἐκείνου
927 561 1119 645 δεδεμένου,
1149 562 1189 625 ού
1209 562 1293 625 dauri
1312 563 1346 626 ἐ·

256 655 360 726 λάττοι
391 655 560 740 ύπυμένειν
589 656 644 723 διά
673 655 733 744 τήν
761 655 968 742 συμπάθειαν
988 658 1046 745 τήν
1073 661 1154 745 πρός
1182 661 1341 746 dathon)

255 759 414 847 ἀνήρηκας
435 760 618 823 παντάπασι
640 758 726 839 νοντ’,
750 753 1016 842 ἐπαγγειλάμενος
1043 757 1169 844 ἀνήσειν
1196 748 1261 824 τεόν
1291 760 1344 823 δε-

163 861 345 942 Ρ.896σμοῑν
367 856 448 937 μετά
469 853 593 944 μικρόν.
635 854 774 933 inatile
799 857 941 943 ποιήσεις
970 858 1089 943 ἀληθὲς
1116 859 1172 924 ἐπὶ
1193 859 1259 926 τεόν
1287 853 1369 942 ἔρ-5

255 983 318 1043 γοιν
340 951 517 1034 ἀποδείξας.
557 955 596 1020 ού
615 953 677 1042 γάρ
698 953 779 1042 πρός
798 958 945 1033 εύδοξίαν
963 953 1070 1041 μόνον,
1089 952 1170 1025 ἀλλά
1193 957 1251 1021 κατ’
1265 954 1343 1040 πρὸς

256 1057 436 1143 ἀσφάλειαν
456 1050 574 1141 άριστα
604 1060 713 1145 σαυτῷ
731 1054 902 1144 βουλεύσῃ.
941 1051 983 1121 ἀν
1011 1058 1072 1138 μὲν
1098 1055 1162 1143 γάρ
1193 1054 1249 1121 διά
1270 1057 1343 1139 βίον

254 1156 398 1240 κατέχειν
416 1159 454 1222 ἐν
473 1158 599 1238 δεσμοῖς
621 1154 677 1222 τόν
695 1154 844 1239 γυναικός
868 1154 1009 1243 ἀδελφὸν
1032 1154 1179 1244 διανοήση
1190 1204 1200 1238 ,
1228 1144 1366 1241 ιῖδηλαν

253 1257 326 1339 μὲν,
348 1257 379 1321 εἰ
398 1252 639 1341 μήδιαδροῖναι
660 1256 808 1340 δυνηθείς
829 1247 927 1330 αὖθις
944 1254 1128 1339 πολεμήσει,
1151 1250 1344 1340 ἀδηλότερον

254 1358 292 1421 δὲ
312 1349 375 1439 ούχ
400 1351 528 1439 ἥκιστα,
553 1355 584 1419 εἰ
604 1353 648 1440 μή
668 1356 725 1420 καί
742 1350 865 1439 νικήσει
884 1352 1116 1438 πεπολεμηκώς.
1159 1357 1272 1420 πολλοὶ
1282 1352 1343 1439 γάρ
1357 1390 1392 1433 to

253 1454 403 1531 πολλάκις
433 1454 469 1519 de
492 1450 630 1539 μεγάλης
659 1448 754 1539 ήττης
782 1455 839 1518 καὶ
855 1456 1070 1539 κακοπραγίας
1105 1448 1346 1541 ἀνασφήλαντες
1497 1444 1498 1477 ³

254 1553 471 1637 περιεγένοντο
493 1555 557 1625 τῶν
578 1556 737 1636 πολεμίοιν
771 1554 806 1618 dat
835 1556 899 1619 σύν
927 1555 1088 1639 προτέρων
1118 1552 1345 1639 ἀτυχημάτων,

254 1647 478 1738 ἐμπειρότερον
497 1650 696 1737 χρησάμενοι
714 1659 781 1729 τοῖς
799 1652 993 1737 πράγμασιν.
1033 1653 1066 1717 εἰ
1086 1653 1118 1718 δ’
1139 1645 1205 1738 ἀρα
1224 1675 1276 1719 σοι
1291 1651 1348 1717 κατ’

254 1751 347 1817 τοῦτο
387 1753 553 1834 περιέσται
586 1749 621 1817 τό
652 1753 754 1840 πολλῇ
789 1754 922 1843 προνοίη
957 1753 1149 1842 χρησαμένῳ
1182 1750 1258 1838 περὶ
1286 1749 1345 1837 τήν

256 1848 376 1915 ἐκείνου
399 1847 569 1936 φυλακήν,
601 1853 746 1935 κατέχειν
774 1854 809 1918 έν
829 1845 987 1938 ἀφύκτοις
1014 1850 1069 1915 ded
1092 1850 1191 1934 βόεια,
1218 1852 1396 1937 upoirov15

226 1950 316 2030 Βμέν
335 1953 465 2025 πολλοῖς
484 1949 538 2016 ἀεὶ
556 1954 671 2041 συνόση
700 1950 758 2016 καί
776 1955 935 2028 ποικιλαις
952 1958 1023 2027 ταῖς
1043 1950 1198 2038 φραντάνι,
1219 1953 1277 2017 καί
1290 1949 1348 2016 νύ-

254 2072 338 2133 κτωρ
360 2051 418 2113 καὶ
433 2052 507 2130 μεθ’
528 2045 650 2136 ἡμέραν
672 2053 917 2133 λυμαινομένοις
944 2048 1000 2115 ἀεὶ
1029 2053 1075 2139 spi
1093 2052 1152 2141 βίην
1170 2052 1227 2115 καὶ
1254 2049 1347 2114 ούδε-

234 2146 332 2231 ’μιἀν
352 2144 593 2234 σνγχωρούσαις
618 2149 777 2232 adinplere
812 2148 961 2235 αἴσθησιν
990 2151 1173 2233 λαμβάνειν.
1213 2151 1255 2214 ου’
1280 2147 1345 2236 γάρ

254 2244 330 2323 τούς
348 2248 383 2313 ἐν
402 2248 672 2332 τέλει’Ῥοομαίων
692 2244 878 2315 ἀποπτεύειν
899 2245 1017 2335 ἀνάγκη
1038 2250 1136 2332 μόνον
1155 2243 1347 2330 ἐπιβούλους

12 278 22 435 i
261 278 346 367 338
659 305 942 375 cronicorum

12 534 14 603 l

234 2340 352 2433 ‘aisse
374 2340 415 2413 όν
445 2371 478 2413 τι
498 2345 599 2439 τύχης
617 2347 696 2435 πρὸς
727 2346 847 2425 αύτούς
873 2345 1152 2436 προσκεκρουκώς,
1187 2346 1269 2414 ἀλλά
1292 2346 1398 2426 καδῃο
1497 2336 1498 2369 λ

257 2444 335 2522 τούς
364 2443 422 2530 τήν
442 2448 562 2513 ἐκείνου
590 2445 737 2535 φυλακήν
763 2453 1029 2529 πεπιστευμένους
1055 2450 1112 2515 καὶ
1139 2444 1212 2523 τούς
1234 2447 1348 2512 οἰκειο-

257 2542 372 2622 τάτους
393 2545 533 2630 αύτούς,
563 2550 594 2612 εἰ
612 2541 713 2613 οἷόντε
733 2547 841 2615 εἰπεῖν.
882 2544 963 2631 πρύς
983 2546 1046 2634 γάρ
1081 2550 1128 2637 τῷ
1156 2547 1285 2636 ῥηδίυυς
1303 2541 1349 2612 εἶ-

258 2666 312 2709 ναι
332 2642 407 2721 τούς
443 2646 633 2733 ἀνθρώπους
662 2646 743 2734 πρός
770 2646 949 2731 μεταβολάς
975 2649 1032 2714 καὶ
1057 2649 1186 2735 χαίρειν
1212 2645 1266 2712 ἀεὶ
1282 2654 1350 2725 ταῖς

339 2795 379 2851 τό.
401 2796 517 2856 συνέσει
537 2798 564 2852 P·
639 2814 680 2870 ιη.
699 2797 923 2869 λημαινομέναις
937 2796 968 2852 P.

259 2940 319 2994 ruit.
354 2936 462 2990 Deinde
480 2933 534 2987 tibi
550 2931 638 2985 nihilo
656 2932 764 2996 minus,
787 2933 851 3002 qui,
869 2947 932 2985 cum
950 2947 1055 3003 poster,
1071 2933 1102 2986 iu
1120 2949 1183 2987 eum
1204 2933 1347 3003 puniendo

259 3024 340 3078 aegre
361 3006 430 3060 mibi
447 3005 538 3058 lacere
555 3004 685 3057 uoluisti:
710 3018 762 3055 uec
778 3001 832 3056 hoc
849 3001 1001 3068 duntaxat,
1023 3004 1073 3057 red
1091 3007 1160 3058 etsi
1180 3004 1248 3076 quid
1263 3011 1349 3058 restat

258 3080 400 3143 tristitiae,
420 3075 487 3145 (non
504 3075 578 3126 enim
595 3071 709 3143 negabo,
730 3074 881 3140 corintio,
898 3074 988 3127 rideri
1007 3075 1077 3126 milri
1100 3084 1213 3145 propter
1230 3085 1345 3127 naturae

259 3163 422 3203 consensum
438 3144 541 3197 <erdem
563 3145 690 3215 perpeti,
715 3158 786 3214 quae
809 3144 859 3198 ille
885 3145 1059 3215 perpetitur,)
1088 3153 1118 3197 tu
1144 3148 1175 3198 ia
1193 3146 1347 3215 praesentis

258 3219 386 3271 funditus
403 3215 548 3278 sustulisti,
566 3214 678 3298 qnando
701 3217 794 3283 paucis
821 3214 920 3268 dicbus
937 3231 953 3267 e
972 3216 1088 3268 vinealis
1106 3215 1279 3269 dimissuram
1303 3232 1348 3267 rc-

260 3288 371 3358 cepisti:
392 3284 467 3357 quod
485 3286 508 3336 si
527 3300 556 3335 re
573 3300 633 3357 ipse
650 3287 836 3353 praestiteris,
863 3293 936 3339 recta
952 3286 1058 3339 leceris.
1094 3286 1202 3340 Etenim
1229 3303 1285 3341 non
1310 3285 1348 3338 ad

191 3376 196 3396 ε
260 3356 450 3411 celebritatem
468 3355 587 3407 nominis
606 3363 729 3418 tantum,
747 3356 797 3409 sad
815 3357 897 3409 etiam
922 3356 958 3408 ad
975 3358 1149 3410 securitatem
1168 3348 1222 3410 tibi
1241 3359 1348 3427 optimc

260 3430 395 3480 consules.
431 3424 499 3478 Nam
516 3425 552 3488 si,
569 3424 661 3495 quoad
678 3424 817 3494 spirabit,
834 3428 927 3480 uxoris
946 3434 1012 3480 tuae
1028 3429 1138 3480 fratrem
1158 3428 1280 3481 custodla
1299 3428 1348 3480 dc-

258 3498 405 3552 tinendum
422 3495 560 3559 statueris,
581 3495 712 3558 forsitan,
729 3496 754 3546 si
768 3501 885 3568 elingere
902 3499 1032 3562 licuerit,
1050 3499 1153 3551 bellum
1178 3500 1350 3567 redintegre-

258 3569 310 3622 bit.
347 3567 421 3621 illud
437 3575 529 3619 autem
546 3566 627 3635 longe
646 3565 880 3635 incertissimum,
900 3586 935 3620 an
952 3585 1010 3622 nou
1028 3572 1120 3631 etiam,
1138 3568 1187 3622 ubi
1206 3583 1348 3638 pugnare-

259 3642 312 3702 rit,
328 3642 415 3692 victor
432 3653 559 3703 erpsurus
576 3636 623 3690 sit.
657 3637 740 3691 Multi
759 3641 833 3692 enim
849 3655 1045 3709 saepenumero
1060 3656 1143 3708 parra
1163 3657 1225 3692 eum
1242 3642 1350 3691 iactura

258 3727 308 3763 sua
324 3711 399 3774 victi,
416 3725 509 3762 rursus
527 3710 612 3762 crecti
629 3716 659 3761 et
675 3712 824 3777 praeterita
841 3712 994 3763 calamitate
1015 3710 1150 3764 cautiores
1168 3708 1243 3772 lacti,
1258 3711 1351 3763 victo-

259 3796 303 3833 res
322 3797 384 3833 suot
403 3780 569 3833 devicerunt.
625 3777 733 3849 Quodsi
751 3778 832 3834 facile
853 3784 941 3851 possis
959 3780 1087 3848 diligenti
1106 3779 1280 3849 providentia
1298 3794 1351 3848 per

260 3866 368 3905 omnem
383 3851 467 3906 vitam
485 3850 666 3902 adamantinis
691 3865 756 3903 eum
774 3853 892 3905 vinculis
913 3852 1067 3915 custodire,
1090 3852 1206 3920 primurn
1234 3849 1350 3923 quidem

261 3938 368 3991 semper
387 3921 508 3974 molestis
526 3921 740 3989 cogitationibus
760 3921 930 3986 exercebere,
949 3938 1021 3995 quae
1040 3922 1088 3975 diu
1104 3929 1244 3992 noctuque
1263 3922 1350 3972 vitam

260 4000 337 4045 tuam
354 4000 468 4061 carpant
486 3999 515 4044 et
531 4007 639 4044 omnem
663 3988 811 4045 hilaritatis
839 4007 950 4044 censum
975 3993 1128 4046 excludant.
1165 3992 1246 4045 Haud
1273 3992 1348 4043 enim

262 4064 352 4116 solnm
371 4065 550 4115 iiomsnorum
567 4077 708 4130 procerum
727 4060 841 4115 insidias
861 4071 982 4116 metuere
999 4064 1150 4144 oportebit,
1167 4062 1190 4114 si
1210 4059 1280 4132 qnid
1301 4077 1350 4113 coa

263 4133 428 4195 offenderis,
445 4130 494 4185 serl
511 4140 540 4184 et
556 4148 612 4191 eor,
632 4131 733 4200 quibus
752 4132 904 4185 custodiam
922 4133 998 4185 illius
1017 4134 1193 4196 commiseris,
1214 4141 1244 4187 et
1263 4133 1350 4201 ipsos,
1366 4196 1370 4203 x

263 4205 287 4257 si
307 4205 363 4258 dici
385 4205 426 4258 iss
453 4213 514 4267 est,
541 4202 775 4258 familiarissimos.
810 4204 1002 4273 Praeterquam
1027 4204 1101 4258 enim
1121 4202 1197 4277 quod
1220 4202 1353 4259 homiues
