2978 4678
441 304 497 370 an
524 302 808 379 ostraceum
836 308 910 370 un.
939 312 966 370 1.
1163 281 1247 368 383

173 460 330 543 optimates
351 479 386 520 ac
402 459 484 521 viros
502 457 632 522 illustres
657 462 875 545 primariosque
895 460 937 522 sle
957 459 1098 544 appellat.
1142 464 1248 548 ltaque

172 563 241 605 raro
261 541 469 604 transtulimus
488 557 603 604 senones
617 557 812 621 ,¹eenatores,
828 565 867 605 ne
889 546 956 627 quis
976 544 1015 606 de
1037 542 1118 607 civili
1141 561 1246 610 senatu

171 636 202 686 et
221 627 410 688 senatoribus
429 646 495 687 rem
516 620 907 792 ἱιιῒεΙΙίςοηάεωέΓιιωκῐς
936 627 1077 709 iirgieuda
1100 639 1144 689 est
1164 634 1261 694 enim.

170 704 566 854 lttddtiititt
574 706 853 855 ci‘i'iin'iraii‘i’
875 711 1245 863 ffi'meii'ihi*

170 876 343 952 seriem,
365 876 573 958 interpretare.
616 875 753 939 Porrus.
839 814 894 878 Per
999 838 1009 876 '

253 957 330 1041 Peg.
355 958 407 1034 26,
435 980 481 1027 ro.
503 959 560 1019 odit
581 953 882 1041 disseminaverit.

253 1040 332 1124 Peg.
351 1041 404 1123 26,
421 1040 468 1104 ιθ.
488 1041 606 1103 intra
625 1043 820 1123 Byzantii
823 1045 945 1123 fines.
966 1043 1134 1106 Urhshaec
1154 1044 1243 1108 nohi-

169 1122 281 1185 lissima
312 1124 373 1187 duo
417 1126 540 1185 nomina
567 1123 699 1203 hahuit,
720 1129 873 1209 antiquius
905 1127 1104 1210 Byzantium,
1137 1150 1241 1191 reeen-

168 1209 228 1268 tius
249 1206 549 1290 Constantinopolis:
571 1206 610 1267 de
635 1218 763 1290 utroque
783 1209 953 1271 dicendum.
992 1210 1089 1272 Vetus
1108 1211 1164 1271 init
1186 1233 1265 1294 op·-

168 1290 275 1372 pidum
303 1293 335 1351 in
365 1290 497 1351 Thracia
531 1289 570 1350 ad
590 1292 824 1373 Propontidem,
854 1293 936 1375 quod
956 1294 1121 1376 Byzantes,
1141 1293 1243 1357 classis

169 1374 390 1454 Megarensium
422 1394 459 1435 en
481 1371 630 1435 coloniam
651 1374 861 1436 deducentium
882 1375 941 1436 dur
952 1421 961 1453 ,
982 1377 1139 1449 condidit,
1160 1378 1242 1460 quod

168 1456 324 1518 conditum
348 1459 511 1520 Pausanias
531 1457 696 1539 Spartanus
723 1461 903 1519 instaurasse
930 1470 961 1519 et
981 1459 1174 1541 amplificasse
1194 1461 1243 1521 di-

168 1541 257 1602 eitur.
296 1539 404 1601 Tradit
422 1541 573 1616 Zonaras,
595 1541 823 1603 Constantinum
845 1543 988 1624 Magnum
1008 1553 1162 1625 parantem
1187 1565 1243 1603 ur-

168 1621 238 1683 bem
268 1624 315 1683 sui
350 1624 481 1684 neminie
512 1622 688 1701 aedificare,
720 1627 818 1706 primo
847 1624 1003 1686 Sardieum
1024 1646 1152 1709 agrum,
1174 1620 1242 1707 po'st

167 1705 199 1766 si
276 1727 308 1766 m
327 1708 589 1789 promontorium,
615 1707 738 1768 tandem
763 1706 982 1768 Calchedonem
1005 1719 1035 1770 et
1065 1709 1242 1792 Byzantium

167 1724 321 1871 defflere.
362 1790 517 1851 Cedrenus
539 1801 645 1851 auctor
657 1787 963 1868 est,Thessalonicae
981 1790 1083 1852 secisse
1102 1792 1240 1872 initium,

167 1870 220 1933 sed
239 1883 324 1952 peste
341 1870 563 1955 interpellatum
576 1917 586 1949 ,
601 1871 757 1955 reliquisse
768 1872 867 1933 locum
882 1884 913 1935 et
930 1873 1152 1936 Calchedonem
1168 1896 1240 1957 pro·

168 1954 286 2016 sectum.
328 1955 429 2034 Quam
451 1976 470 2015 a
493 1956 593 2017 Persis
613 1975 772 2034 eversam,
799 1976 870 2017 cum
900 1959 1057 2019 restituere
1074 1959 1242 2040 inciperet,

166 2036 206 2096 ah
228 2035 336 2119 aquilis
356 2037 544 2100 admonitum
563 2037 672 2117 fuisse,
687 2038 741 2100 ubi
760 2039 1050 2123 Constantinopolim
1073 2041 1237 2104 conderet:

165 2119 246 2202 quod
266 2118 339 2182 illae
349 2121 582 2183 architectorum
601 2120 719 2205 regulas
737 2132 768 2182 et
787 2121 939 2184 funiculos
963 2124 1080 2204 saepius
1098 2135 1241 2205 raperent

165 2202 403 2288 Bymntiumque
417 2192 631 2287 deportarent?
661 2205 843 2266 Sozcmenus
872 2215 904 2266 et
928 2206 1067 2266 Zosimus
1096 2218 1237 2281 narrant,

106 2352 110 2359 ,
165 2289 345 2370 cogitantem
366 2286 473 2350 urbem
493 2288 541 2350 sui
560 2287 689 2349 nominis
709 2287 861 2364 condere,
879 2306 957 2369 qnae
976 2287 1091 2350 honore
1110 2288 1239 2352 Romam

165 2380 327 2452 aequaret,
347 2372 426 2432 inter
450 2370 542 2434 ilium
556 2381 588 2433 et
610 2368 837 2453 Hellespontum
851 2372 981 2453 spatium
996 2372 1142 2434 invenisse
1155 2393 1238 2434 com-

163 2453 307 2530 modum,
328 2451 371 2513 ihi
385 2453 580 2517 fundamenta
607 2455 727 2532 mulsae,
754 2465 871 2536 partem
895 2457 975 2515 muri
994 2456 1026 2516 in
1049 2453 1238 2519 altitudinem

163 2534 298 2597 eduxisse
313 2553 323 2613 3
340 2546 409 2618 post
427 2538 527 2598 sedem
544 2536 780 2599 commodiorem
801 2538 901 2598 visum
916 2539 1103 2621 Byzantium.
1136 2541 1238 2620 Quam

162 2634 232 2679 eum
250 2618 379 2681 Severus
402 2621 565 2701 imperator
583 2621 786 2702 superioribus
806 2621 911 2695 annis,
944 2624 1041 2684 occiso
1070 2623 1239 2685 Pescennio
1289 2688 1293 2697 ,

163 2703 281 2785 Nigro,
310 2702 363 2784 qui
389 2701 548 2785 imperium
571 2704 695 2765 orientis
720 2706 885 2776 invaserat,
907 2703 1047 2766 diruisset
1070 2716 1100 2766 et
1124 2708 1157 2766 in
1179 2709 1237 2768 vici

161 2782 479 2867 formam'redegisset‚
494 2787 503 2847 i
527 2807 569 2860 se,
583 2786 838 2855 Licinindevicto,
848 2788 912 2846 eius
929 2786 1077 2848 ambitum
1089 2786 1237 2868 dilatavit,

162 2889 266 2929 muros
290 2864 406 2945 extulit,
429 2809 569 2931 aeditilriis
582 2867 710 2952 publicis
731 2870 914 2952 privatisque
928 2869 968 2930 ad
988 2890 1077 2931 usum
1097 2880 1127 2932 et
1147 2872 1238 2934 decus

161 2950 280 3035 explere
299 2953 439 3020 instituit.
481 2954 589 3014 Postea
607 2961 736 3035 unoque
759 2955 799 3013 im
839 2954 885 3013 rio
905 2952 935 3012 in
958 2951 1069 3015 multas
1087 2955 1239 3036 portiones

158 3035 280 3113 diviso,
301 3035 493 3098 occidentalis
507 3036 657 3108 Romam,
681 2970 839 3098 orientalii
853 3034 1038 3097 domicilium
1060 3036 1238 3119 Byzantium

161 3138 224 3180 esse
242 3116 360 3198 voluit,
381 3121 554 3203 vocatisque
575 3120 698 3181 omentis
717 3118 881 3202 episcopis,
916 3138 1025 3199 magna
1057 3120 1238 3182 caerimonia

160 3202 267 3264 urbem
286 3222 405 3267 novam·
419 3203 486 3264 Deo
506 3224 541 3264 ac
562 3202 672 3285 virgini
692 3202 784 3263 Matri
807 3203 995 3264 consecravit
1010 3246 1021 3280 ,
1035 3223 1161 3284 eamque
1181 3224 1238 3264 nn·

160 3304 231 3346 vam
251 3286 379 3348 Romam
398 3295 430 3348 et
446 3283 739 3367 Constantinopolim
755 3284 940 3369 indigitavit,
953 3295 983 3346 et
1001 3285 1041 3346 ad
1060 3285 1237 3368 dignitatem

160 3368 230 3430 urbi
253 3369 422 3437 addendam
444 3369 598 3431 ecclesiam
616 3368 735 3431 eiusad
754 3368 902 3431 honorem
923 3367 1142 3450 patriarchatus
1165 3391 1237 3432 eve·

161 3454 204 3513 xit
233 3455 356 3536 eiusque
379 3453 553 3536 episcopum
581 3453 811 3536 Metrophanem
840 3460 909 3537 post
927 3450 1166 3514 Alexandrinum
1186 3464 1235 3513 ‘se-

161 3535 232 3595 dere
252 3538 391 3599 instituit.
431 3537 582 3598 Hactenus
603 3536 659 3597 illi.
701 3534 734 3597 si
755 3534 856 3615 luhet,
876 3534 947 3596 vide
977 3536 1068 3596 etiam
1093 3534 1133 3596 de
1162 3556 1237 3596 con-
1284 3542 1289 3551 '

161 3616 310 3682 (litoribus
333 3631 363 3682 et
383 3622 505 3681 nomine
528 3620 612 3680 u'rbis
632 3619 740 3693 huius,
763 3638 841 3702 quae
864 3616 952 3679 affert
972 3618 1080 3679 Petrus
1099 3619 1235 3697 Blaesus,

161 3698 303 3765 historiae
323 3705 489 3765 Genuensis
509 3698 562 3767 lib.
582 3722 630 3763 ra.
652 3702 684 3763 in
704 3723 785 3763 anno
811 3698 896 3781 1453.
938 3700 1076 3762 Vocatur
1101 3721 1189 3784 saepe
1216 3722 1236 3763 a

161 3784 283 3846 Graecis
302 3782 426 3862 βασιλὶς
445 3784 509 3846 soie
530 3778 660 3846 πόλεων.
703 3784 814 3847 Noster
844 3783 923 3844 infra
936 3803 1005 3865 cap.
1026 3802 1078 3845 ar.
1096 3804 1236 3867 anquam

160 3864 326 3969 hopodlice
345 3870 384 3932 de
413 3888 466 3930 ea:
499 3860 591 3929 πόλιν
610 3858 693 3971 spirea
724 3862 863 3966 μεχάλην
890 3864 947 3926 καί
963 3863 1235 3964 zmlryoivdpmnov,

159 3941 855 4117 litteratissimusegee
872 3947 1234 4109 tau

159 4137 231 4260 quii
243 4115 537 4266 Censtsayppipopolim
559 4140 578 4179 a
598 4115 883 4262 &remmam
903 4114 1234 4264 lamp‘ntaturrtamryp

160 4220 336 4284 norprae
441 4213 667 4272 cremarem
812 4219 1231 4283 tmotmpuerepnssr.
1312 4256 1316 4263 .
