2978 4678
269 251 357 351 aaa
640 272 956 342 ‚nassamones

266 440 331 488 tum
352 424 474 489 sublato
501 426 596 487 laune
614 423 809 502 acclamaret,
833 424 947 507 atquae
974 445 993 485 e
1023 420 1097 489 locis
1126 428 1338 499 blstoriconsm

266 522 311 572 est
329 511 452 571 discere.
493 506 621 570 Carolus
651 508 791 588 Sigonius
821 505 876 567 lib.
898 507 926 571 6.
959 507 998 569 da
1016 510 1142 591 imperio
1171 517 1334 593 occident,

264 594 318 654 ubi
334 593 372 654 de
393 593 511 653 Iuliano
536 594 618 671 agit:
635 590 727 668 „inde
749 589 947 651 clamantibus
967 593 1126 672 universis,
1146 598 1335 677 (proceribus

263 676 394 736 militum
408 677 429 753 ,)
448 686 483 733 ut
503 675 655 751 Augustus
676 682 773 751 esset,
795 676 936 733 assentire
960 685 1078 735 coenas
1099 688 1169 755 est,
1211 683 1333 762 imposi-

262 770 372 840 tusque
394 768 478 817 scuto
499 756 648 836 pedestri,
672 767 702 817 et
722 757 752 815 in
774 754 870 816 altum
893 753 1049 835 sublatus,
1069 759 1183 840 populo
1202 762 1329 841 silente,

261 841 418 923 Augustus
445 837 647 898 renuntiatua”
665 850 721 899 etc.
761 839 892 898 Zonaras
913 840 943 899 5.
962 837 1073 901 Annal.
1093 844 1124 901 in
1147 844 1329 922 iustiniauo,

260 923 314 983 ubi
336 925 397 1004 agit
419 921 458 981 de
477 920 622 981 seditione
640 920 789 1004 populari,
812 932 877 982 orta
899 920 1179 1004 Constantinopoli:
1201 931 1331 1005 „deinde

259 1007 292 1065 in
317 1007 384 1065 foro
405 1003 620 1078 discursantes,
642 1006 680 1065 de
700 1002 760 1064 alio
780 1005 958 1084 imperatore
971 1006 1100 1066 creando
1115 1007 1328 1077 deliberarunt.

259 1087 302 1149 Et
329 1086 451 1168 quidam
481 1087 838 1168 imperatoris'Anastasii
858 1096 1017 1168 cognatum
1039 1088 1203 1172 Hypatium
1230 1100 1331 1173 nacti,

259 1172 372 1252 partim
394 1170 542 1243 invitum,
564 1174 674 1250 partim
695 1173 785 1229 etiam
805 1188 1003 1250 persuasum,
1024 1171 1056 1235 ia
1075 1174 1121 1238 M.
1141 1174 1330 1242 Constantini

257 1253 358 1313 forum
378 1250 549 1324 adducunt,
577 1262 667 1333 atque
687 1251 790 1334 clypeo
810 1253 842 1313 in
862 1250 989 1311 sublime
1009 1252 1141 1331 elatum,
1170 1260 1329 1340 imperato-

257 1355 323 1395 rem
343 1333 548 1411 consalutant,
570 1345 600 1394 et
626 1345 771 1416 occupato
789 1333 930 1394 curriculi
950 1338 1093 1414 equestris
1111 1337 1246 1420 theano,
1260 1345 1327 1405 suu·

257 1419 312 1478 stis
333 1415 483 1477 ominibus
502 1418 751 1499 prosequuntur.”
782 1415 859 1477 Satis
883 1416 954 1477 binc
973 1428 1075 1497 patet,
1095 1442 1210 1483 morem
1237 1427 1328 1489 fuisse

255 1497 314 1559 bac
335 1501 513 1559 caerimonia
533 1500 654 1559 creandi
673 1503 883 1584 imperatores,
898 1501 930 1559 in
946 1520 1006 1584 quo
1025 1502 1154 1586 populus
1175 1506 1227 1569 bic
1241 1530 1325 1572 exem

255 1582 349 1642 citum
369 1594 413 1641 est
435 1584 575 1645 imitatus.
597 1604 724 1648 enarer.

337 1662 414 1743 fag.
428 1684 532 1746 '97³²‘
553 1667 885 1726 acclamationem.
904 1668 1017 1730 Ponam
1035 1671 1208 1752 vexemplum
1226 1675 1323 1738 accla-

252 1746 421 1806 matianum
442 1746 616 1807 militarium
629 1750 660 1807 in
680 1747 809 1809 creando
829 1753 1020 1830 imperatore.
1040 1754 1226 1832 Capitolinas
1242 1772 1324 1839 post-

253 1849 346 1908 quam
366 1830 525 1907 narravit,
546 1830 799 1910 quemadmodum
818 1832 972 1894 Macrinus
992 1839 1153 1918 imperator
1178 1861 1266 1901 senex
1286 1842 1341 1914 6„

251 1908 328 1970 lium
350 1911 573 1972 Diadumenum
598 1912 742 1974 militibus
770 1916 1004 1979 commendasset
1035 1931 1066 1980 et
1091 1920 1148 1981 sibi
1170 1944 1323 1985 successo·

251 2012 316 2053 rem
336 1997 539 2073 nominasset,
558 1996 765 2073 acclamatum,
788 1999 900 2079 inquit,
928 2000 1065 2062 Macrine
1096 2004 1103 2017 '
1211 2026 1255 2084 cr,
1270 2007 1322 2066 dii

250 2089 279 2137 te
295 2092 421 2138 seruent.
461 2075 612 2139 Antonine
626 2078 829 2154 Dradwnene,
854 2081 901 2140 dii
921 2095 948 2142 te
967 2100 1091 2146 rement.
1129 2090 1228 2170 aptior
1244 2093 1322 2172 opti-

249 2178 315 2218 mas
329 2163 476 2221 maxinme
483 2159 632 2221 Antonino
647 2164 749 2222 υἰῑσυι.
769 2163 950 2225 Antoninum
968 2167 1122 2244 labemus,
1144 2174 1244 2232 annua
1267 2174 1322 2233 lca-

247 2238 354 2303 benun.
393 2243 576 2303 Antoninum
595 2245 676 2304 nobis
700 2243 747 2303 dii
765 2244 916 2307 dedalum.
954 2249 1119 2312 Antoninus
1143 2252 1249 2335 ὼςιυσ
1264 2257 1321 2314 im-

242 2326 341 2406 perio.
381 2326 486 2385 Monet
506 2337 605 2385 autem
626 2327 793 2387 Brissonius
813 2325 866 2387 lib.
890 2328 1196 2411 formularum,banc
1227 2336 1321 2398 accla-

247 2408 421 2481 mationem,
433 2407 480 2465 dii
498 2421 527 2466 te
543 2423 678 2484 servent,
693 2408 837 2470 militibus
852 2430 921 2471 cum
936 2414 1047 2495 populo
1067 2428 1098 2477 et
1115 2431 1219 2480 senatu
1240 2441 1320 2480 cnm·

245 2506 369 2547 munem
388 2488 489 2551 luisse.
502 2489 628 2555 Lib-12.
642 2491 716 2550 Cnd.
735 2489 792 2573 leg.
805 2514 831 2557 t.
846 2493 884 2554 de
906 2494 1047 2564 Veteran.
1068 2501 1229 2582 imperator
1240 2504 1318 2563 Cou-

245 2572 411 2641 stantinns,
434 2592 503 2631 cum
523 2572 670 2633 introisset
691 2576 856 2656 principia,
879 2587 909 2637 et
929 2577 1075 2643 salutatus
1097 2595 1172 2645 esset
1194 2606 1317 2668 aprae-

243 2651 327 2711 fectis
348 2662 378 2711 et
398 2653 525 2714 tribunis
545 2663 575 2715 et
594 2657 667 2716 viris
685 2659 935 2739 eminentissimis,
949 2661 1143 2726 acclamatum
1163 2678 1230 2729 est:
1253 2668 1318 2728 Aa·

241 2747 323 2813 gusta
341 2733 543 2812 Constantine,
573 2737 652 2823 Deua
674 2741 803 2800 tenebis
829 2757 940 2804 semet:
969 2759 1070 2808 uestra
1096 2749 1196 2829 sdic,
1217 2764 1316 2813 nostru

241 2816 339 2876 salas:
360 2838 429 2877 vere
445 2818 588 2893 dicimus,
608 2824 700 2882 iurati
710 2824 843 2888 dicimrn.
866 2846 996 2889 maran.

325 2896 724 2986 Pag,197‚5.pnrpura
745 2919 784 2966 et
804 2908 1036 2972 diademate.
1050 2912 1314 2999 Curopalatase’t-

242 2974 354 3040 δυόυσι
375 2976 430 3042 adn
450 2979 582 3057 σάκκον,
605 2988 737 3048 indantur
751 3010 833 3069 sago.
859 3011 989 3054 rostra.
1368 2996 1372 3005 ⁸

324 3061 402 3144 Pag.
418 3086 486 3149 197,
499 3089 530 3150 7.
552 3066 769 3147 περιτίθεσθαι
793 3074 835 3135 Μ.
856 3094 917 3155 mg.

321 3145 397 3226 Pag.
412 3167 519 3231 197,9.
542 3165 682 3212 sancta
701 3155 832 3215 missa.
861 3159 969 3219 Graeci
996 3161 1174 3223 sacrificium
1206 3162 1313 3225 missae

155 3240 161 3253 ⁸
237 3236 348 3285 vocant
385 3232 627 3313 μυσταγωγίαν,
656 3235 865 3315 λειτουργίαν,
888 3242 937 3299 tel
982 3235 1026 3320 b,
1051 3237 1311 3326 isoscelectet'ar,

235 3303 443 3387 προσφορὰν,
472 3313 608 3389 θυσίαν,
632 3327 662 3376 et
688 3339 757 3378 cum
783 3320 938 3400 adiuncto,
964 3325 1156 3401 αυαίμσυτσυ
1176 3327 1311 3405 θυσίαν,

235 3381 395 3466 ἱερὸνκαὶ
417 3391 571 3470 φρικῶδες
590 3392 780 3476 μυστήριον,
795 3397 937 3483 ἀγάπην,
960 3402 1106 3485 ciruitu,
1130 3409 1309 3489 ευχαριστί·

233 3488 284 3528 αν.
327 3466 419 3531 Unde
446 3485 545 3533 autem
569 3479 675 3538 missae
694 3482 874 3545 vocabulum
896 3484 1031 3565 fluxerit,
1065 3491 1184 3571 plurimi
1210 3493 1309 3555 adbuc

233 3554 383 3632 ignorant.
412 3554 486 3616 Post
506 3555 616 3619 lectum
645 3565 851 3645 evangelium,
870 3567 963 3630 levita
982 3573 1210 3636 catechumenos
1230 3574 1308 3637 eri're

231 3654 250 3694 c
270 3634 382 3715 templo
403 3639 525 3699 iubebat
543 3641 623 3703 clara
642 3665 727 3713 voce.
768 3648 866 3713 Testis
887 3653 1020 3715 lsidocns
1037 3657 1260 3740 etymologdib.
1275 3658 1307 3721 6.

231 3736 298 3797 cap.
313 3718 356 3778 16,
398 3722 494 3782 Missa
511 3768 520 3799 ,
540 3726 657 3807 inquit,
678 3743 806 3813 tempore
832 3736 979 3819 sacrfficii
1004 3752 1061 3813 est,
1087 3742 1208 3823 qnando
1228 3755 1304 3802 cate

229 3800 471 3881 chinteniforas
490 3808 657 3883 mittuntur,
684 3814 832 3887 clamante
857 3819 971 3892 imina,
997 3823 1026 3881 si
1041 3844 1106 3903 ques
1123 3826 1302 3886 maechante-

228 3902 282 3941 nus
299 3888 458 3959 remansit,
482 3905 573 3951 exeat
585 3895 699 3972 scaras:
724 3910 754 3956 et
778 3900 848 3960 tilde
871 3903 981 3977 missa,
1009 3908 1081 3988 quala
1106 3910 1304 3969 sacramentis

228 3965 336 4026 altaris
358 3969 492 4029 interesse
508 3993 567 4034 raon
579 3992 714 4054 possint,
739 3983 793 4062 qni
806 3985 938 4046 nondum
955 3991 1120 4066 regenerati
1132 4003 1301 4050 rmscttntur.

226 4046 393 4130 Dionysius
423 4072 542 4137 quoque
572 4055 650 4117 libro
669 4060 706 4119 da
725 4062 831 4124 eccles.
853 4065 1000 4129 hierarch.
1021 4081 1089 4149 pust
1112 4068 1302 4135 Psalmcrum

226 4143 331 4193 cantus
360 4141 512 4231 ettsacrae
534 4139 695 4220 scripturae
715 4142 872 4210 lectionem
892 4153 952 4234 ait,
982 4144 1043 4227 ἔξω
1065 4151 1228 4233 γίγνεσθαι
1245 4155 1300 4234 τῆς
