2978 4678
105 3576 108 3581 ’
225 3578 394 3661 principem
411 3574 499 3637 illum
518 3584 656 3649 senatus,
677 3574 729 3655 qui
748 3583 810 3634 tres

221 239 307 327 ,368
596 264 905 333 morannum

139 428 143 439 '
218 422 343 498 naam,
363 416 439 480 nihil
459 426 530 480 sunt
551 416 645 493 aliud,
667 439 759 500 quam
779 419 877 481 colere
896 416 1123 482 sanctimoniam
1148 432 1179 482 et
1211 429 1299 488 omni

220 508 333 567 virtute
352 501 506 567 excellere.
527 500 704 563 Aristoteles
724 505 799 562 item
821 501 852 568 5.
880 505 1103 580 Νικομαχεάυν
1123 504 1202 567 illud
1213 509 1299 569 Tbe-

219 586 336 669 ognidis
357 587 388 644 in
409 583 606 667 proverbium
627 585 816 648 abiisse‘ait:
848 583 894 647 Ἐν
916 584 951 646 di
972 582 1154 673 δικαιοσύνῃ
1178 589 1299 673 συλλή-

217 670 297 752 βδην
317 667 392 728 πᾶσ’
411 661 506 748 ἀρετή
528 667 615 729 ’otta
637 688 765 732 acarna.

299 750 376 832 Peg.
396 749 429 827 8,
458 747 503 826 14.
542 744 582 810 soi
602 744 667 828 σὰ,
695 749 777 832 quod
805 750 948 811 nimirum
980 749 1020 811 ad
1041 752 1070 813 3.
1098 751 1178 833 etd.
1203 753 1298 820 turos

218 834 338 913 attinet,
360 852 496 914 quaeque
517 843 547 892 et
569 853 660 914 supra
678 832 835 905 intellexit,
857 831 917 894 illis
937 834 1056 908 verbis,
1092 855 1224 921 nataeque
1242 861 1298 900 no·

217 930 280 980 stru
308 937 383 977 aevo
407 918 598 996 contigentia
641 917 727 993 Quae
756 918 837 976 enim
862 915 940 977 libro
968 918 1098 977 secundo
1122 933 1297 1002 narrantur,

219 1003 276 1062 etsi
295 990 360 1060 eius
379 1019 427 1059 res
446 1009 516 1058 sunt
536 1001 754 1079 propemodum
775 1019 899 1076 omnes,
920 1011 1021 1060 tamen
1044 1021 1106 1060 non
1121 1005 1213 1063 enam
1233 1009 1297 1069 eius

219 1086 353 1155 nomine,
375 1081 630 1164 quemadmodum
645 1084 788 1163 reliquae,
802 1092 938 1163 patratae
951 1092 1031 1148 sunt.
1051 1084 1183 1164 Omitto,
1196 1085 1295 1150 multa

220 1162 329 1250 exponi
349 1167 440 1226 etiarn
460 1168 494 1225 in
514 1166 611 1247 primo
639 1186 658 1225 a
678 1166 887 1226 Cantacuzeno
907 1176 989 1247 gesta
1009 1168 1188 1249 magnifice,
1214 1173 1297 1253 sapi.

221 1261 319 1328 enter,
339 1247 456 1309 fortiter
474 1268 509 1307 ac
533 1245 667 1325 feliciter,
687 1260 723 1309 ut
744 1268 839 1331 paene
860 1250 1004 1309 maiorem
1021 1261 1140 1330 partem
1163 1252 1227 1315 eius
1246 1275 1298 1315 so·

220 1333 292 1408 lius,
315 1352 406 1407 quam
429 1330 596 1392 Andronici
610 1332 735 1394 iunioris
754 1331 881 1393 historia
898 1334 1014 1393 censeri
1031 1334 1134 1414 possit.
1165 1354 1295 1398 roman.

303 1416 379 1497 Peg.
399 1412 433 1492 8,
462 1433 508 1498 17.
541 1414 595 1474 ad
622 1426 859 1490 extraneos,
898 1417 985 1475 siue
1013 1416 1068 1477 ad
1095 1430 1324 1481 nostrates.'

222 1499 285 1578 Qui
303 1499 342 1559 dc
365 1497 454 1559 rebus
475 1497 536 1558 suis
548 1498 668 1579 ipsimet
687 1498 844 1559 historiam
865 1508 1093 1575 contexuerunt,
1114 1519 1167 1560 seu
1187 1504 1299 1563 exerci-

220 1593 271 1645 tus
290 1581 439 1656 duxerint,
460 1601 513 1641 seu
533 1602 595 1642 non
616 1581 765 1660 duxerint,
785 1579 914 1662 proferri
933 1592 1070 1664 possunt,
1090 1581 1210 1644 alienia
1223 1606 1297 1649 vero

220 1665 298 1743 Deo,
312 1662 492 1748 Xenophon,
517 1664 614 1725 lulius
636 1665 754 1728 Caesar.
775 1664 936 1738 Adrianus,
961 1675 996 1724 ut
1018 1687 1037 1726 a
1056 1666 1216 1747 spartiano
1234 1679 1298 1729 tra·

219 1749 320 1811 ditum
340 1759 385 1810 est
396 1792 407 1826 ,
436 1757 500 1809 tem
526 1747 655 1831 cupidus
674 1747 733 1809 suit
755 1747 853 1815 famae
872 1747 1018 1826 celebris,
1047 1759 1083 1809 ut
1106 1748 1201 1811 libros
1219 1751 1298 1812 vitae

218 1853 294 1894 suae
313 1852 332 1891 a
351 1851 384 1893 se
396 1833 523 1913 scriptos
543 1831 658 1893 libertis
677 1835 740 1893 suis
758 1830 896 1892 litteratis
915 1830 1043 1905 dederit,
1066 1832 1229 1908 iubens,ut
1246 1853 1298 1895 eos

220 1914 395 1977 nominibus
417 1917 480 1977 suis
500 1914 698 1997 publicarent.
738 1914 889 1976 Arrianus
910 1917 942 1974 in
971 1913 1093 1997 Periplo
1120 1915 1207 1976 rubri
1232 1936 1299 1978 ma·

221 2002 277 2059 ris.
318 1998 417 2059 Multa
439 1998 477 2059 de
500 2020 533 2059 se
548 1997 745 2074 ludaeiduo,
767 1997 911 2080 losephus
930 1999 961 2058 in
982 1996 1068 2059 libris
1088 1998 1225 2060 debello
1245 1999 1298 2060 lu·

221 2081 311 2147 daico
344 2093 376 2143 et
404 2078 484 2142 libro
505 2081 635 2143 devita
653 2101 731 2157 aaa,
761 2079 854 2143 Philo
885 2079 924 2140 de
953 2080 1099 2164 legatione
1120 2081 1159 2141 ad
1180 2082 1297 2146 Caium

223 2165 324 2227 lmmo
343 2175 375 2224 et
394 2166 595 2246 antiquissimi
614 2163 660 2226 illi
677 2164 777 2226 Moses
797 2172 828 2225 et
847 2164 946 2237 losuc,
969 2163 1172 2225 lsrailitarum
1193 2163 1296 2226 duces.

224 2248 311 2311 luter
330 2247 517 2309 Christianos
533 2248 622 2310 divus
635 2248 823 2329 Augustinus
841 2248 874 2306 in
894 2244 980 2308 libris
1001 2247 1218 2309 confessionam
1237 2268 1300 2309 non

225 2353 323 2414 pauca
348 2329 387 2392 de
418 2352 450 2393 se
478 2342 634 2395 memorat.
675 2332 753 2391 Item
781 2330 908 2391 Carolus
936 2330 990 2396 lV.
1018 2331 1181 2415 imperator
1205 2331 1300 2392 vitam

224 2436 314 2476 suam
335 2413 501 2495 descripsit.
542 2414 633 2477 Multi
652 2413 742 2475 duces
769 2413 975 2495 navigationes
1001 2434 1069 2475 suas
1104 2425 1137 2475 et
1164 2412 1244 2475 bella
1268 2414 1300 2475 in

228 2498 333 2574 ludia,
365 2496 489 2578 quidam
509 2499 762 2580 peregrinationes
784 2517 863 2557 suas.
896 2494 952 2567 Est
972 2507 1073 2558 autem
1093 2516 1188 2580 prope
1207 2497 1300 2575 idem,

226 2601 296 2642 eum
329 2577 384 2641 lilii
412 2592 571 2661 parentum
600 2601 650 2641 res
679 2590 710 2640 et
739 2580 816 2639 facta
840 2579 1054 2641 conscribunt:
1086 2581 1168 2663 quod
1197 2578 1298 2654 Anna,

226 2663 493 2737 AlexiiComneni,
516 2663 705 2744 imperamris
723 2661 1057 2743 Constantinopolitani,
1084 2663 1159 2741 filia,
1185 2662 1300 2725 erudite

223 2758 258 2817 et
278 2746 430 2829 eleganter
448 2749 605 2828 praestitit.
645 2747 733 2822 Quae
750 2744 876 2806 historia
897 2740 1034 2806 nondum
1061 2756 1117 2825 est,
1138 2744 1222 2827 quod
1241 2749 1300 2806 sci·

226 2829 541 2977 raelaia.
569 2827 1096 2991 Qua...
1118 2849 1153 2889 ⁶¹
1175 2849 1194 2889 0
1214 2827 1299 2975 u

226 2998 306 3060 mdtr·
315 3020 403 3082 saepe
413 2998 534 3080 reprehe
577 3008 638 3056 nat.
677 2932 892 3078 Scriddmipse
914 2993 1039 3069 deme,
1083 2955 1101 3075 ¹,
1162 3016 1233 3056 rum
1253 3007 1300 3055 tn

225 3101 294 3143 men
312 3080 452 3164 exemplo
478 3092 507 3140 et
527 3078 679 3139 cleram
697 3078 840 3143 usmaro.
880 3075 959 3152 Sed,
975 3076 1058 3160 quod
1077 3091 1105 3139 te
1126 3098 1188 3139 non
1199 3078 1297 3159 Μὰ,

225 3160 730 3243 Mecnmtiadocgenereuitris:
758 3173 788 3221 et
808 3159 1298 3245 atverecundiuszpsidesescri-

226 3245 300 3307 bant
315 3265 426 3306 amesae
444 3256 497 3320 est,
518 3247 545 3303 si
553 3243 629 3328 qiud
639 3257 682 3305 est
697 3242 899 3315 laudarrdum,
919 3254 950 3302 et
960 3256 1166 3325 praetereant,
1187 3246 1217 3304 si
1227 3242 1303 3329 qaid

214 3328 303 3410 firte
325 3325 594 3412 reprehendendum
613 3338 666 3386 est.
709 3327 744 3385 ln
773 3345 863 3406 quem
890 3324 992 3385 locum
1022 3329 1158 3388 nominat
1186 3324 1301 3387 Paulus

224 3413 384 3475 Manutius
405 3429 441 3470 ex
459 3407 625 3469 Plutarcho
644 3407 681 3472 L.
696 3405 821 3484 Sullam,
842 3408 894 3489 qui
905 3413 1192 3471 commentariorum
1207 3408 1301 3470 libros

226 3495 335 3575 viginti
367 3491 446 3554 duos
478 3489 629 3557 derebus
661 3491 724 3551 suis
753 3492 932 3633 composuit.
978 3493 1057 3553 Item
1075 3494 1119 3554 Μ.
1138 3493 1297 3588 Scaurum,

842 3574 922 3635 ibros
941 3574 982 3637 de
1001 3578 1063 3636 vita
1091 3597 1145 3637 sua
1173 3596 1302 3657 persera-

225 3661 298 3742 psit,
320 3681 397 3744 quos
418 3668 566 3720 memorat
587 3656 692 3717 Cicero
713 3656 744 3715 in
771 3657 867 3719 Bruto
887 3668 919 3718 et
937 3658 1061 3720 Tacitus
1081 3659 1113 3718 in
1131 3662 1195 3719 vita
1210 3658 1301 3740 Agri·

225 3741 320 3823 colae,
340 3742 436 3805 soceri
459 3745 514 3803 sui.
533 3741 637 3803 Etiam
657 3738 693 3803 P.
704 3737 846 3818 Rutilius,
867 3738 991 3803 forsitan
1011 3741 1211 3804 aemulatione
1230 3761 1301 3824 per·

224 3837 336 3901 monas,
357 3827 452 3888 vitam
468 3845 555 3887 suam
574 3822 681 3884 litteris
699 3822 867 3886 mandavit.
887 3845 1015 3891 rourum

306 3911 386 3991 rag.
397 3906 430 3984 8,
446 3928 497 3974 ar.
514 3906 685 3968 Mor-ales
703 3910 980 3973 commentarii.
1000 3907 1142 3970 Fortasse
1155 3908 1299 3988 eorespi·

224 3993 279 4072 cit,
300 3991 382 4075 quod
402 3991 624 4051 Cantacuaenus
638 4000 757 4070 praeter
769 3988 836 4050 illas
849 3989 999 4073 apologias
1015 3990 1234 4053 Christianismi
1245 3988 1301 4051 ad·

224 4095 331 4138 versus
351 4073 582 4137 Mahometanos
601 4083 632 4132 et
652 4071 790 4146 ludaeos,
810 4095 886 4154 quas
911 4072 1073 4153 habemus,
1100 4076 1191 4136 etiam
1210 4093 1301 4155 para·

225 4157 349 4239 phrases
367 4159 401 4221 in
423 4156 537 4242 diepam
566 4154 735 4218 Aristotelis
761 4154 855 4219 libros
883 4156 1062 4221 Ethicorum
1088 4156 1302 4243 consmipsisse
