2900 4676
245 257 333 358 436
629 276 943 347 Assorinorum

332 435 407 519 Peg.
422 436 490 514 250,
503 457 532 497 a.
552 433 642 498 niusa
663 436 706 497 M.
729 456 785 517 pro
808 433 970 515 τέτταρας.

334 520 410 601 Peg.
426 522 497 599 230,
514 519 561 580 15.
581 519 727 600 γνοίημεν
746 512 786 578 riu
807 519 851 582 Μ.

334 602 561 684 Pag.250,17.
582 604 616 661 si
645 605 872 684 imperator
904 618 1010 659 auus.
1053 593 1212 656 Recitatnr
1237 594 1329 655 etiam

253 706 270 746 a
294 686 428 768 Gregora
450 688 547 745 oratio
570 684 609 744 ad
629 685 743 745 indices
762 682 877 759 habita,
899 679 952 744 lib.
965 701 1009 763 9.,
1031 698 1136 739 verum
1162 677 1250 759 longe
1269 677 1329 738 aira

237 769 442 850 'multumque
463 768 534 827 huic
555 778 676 827 nostrae
699 765 870 838 dissimilis,
922 761 990 824 lena
1017 760 1094 823 sellis
1113 772 1145 821 et
1164 759 1254 841 plane
1274 760 1329 822 de-

250 851 425 913 clamatoria
446 862 477 911 et
495 850 622 911 conficta
655 852 720 910 siue
746 839 860 909 dubio'(
893 785 976 907 litet
1005 847 1086 905 enim
1109 843 1258 925 Gregoras
1277 843 1329 906 ille

251 936 294 995 ita
314 934 418 995 ludere
439 945 469 995 et
489 944 606 1016 poetam
627 935 720 1030 magis
740 954 847 1075 apere,
867 951 959 1010 quam
981 926 1169 988 historicum.
1199 947 1329 990 rossan.

338 1018 414 1098 Peg.
427 1018 498 1094 231,
513 1039 544 1100 9.
563 1010 689 1159 {ldlgll'
699 1038 737 1074 uu
767 1014 915 1085 ὐσκλείας
924 1014 967 1073 Μ.
978 1020 1008 1072 et
1020 1008 1124 1075 linai.
1134 1008 1189 1071 uui
1201 1008 1261 1071 τοῦ
1270 1004 1329 1091 μή.

335 1099 416 1262 {rig
424 1100 541 1253 iiiii
557 1101 740 1281 osiplpul'qlile
759 1172 799 1242 iis
821 1178 926 1260 ὀρθῶς
945 1166 984 1240 lv
1005 1178 1050 1238 Μ.
1073 1189 1103 1239 et
1123 1174 1176 1237 lin.
1193 1174 1225 1243 8.
1242 1170 1328 1254 ipit.

334 1265 412 1345 Pop.
425 1265 496 1341 232,
515 1261 561 1329 18.
579 1284 757 1343 γραμματα,
779 1255 890 1340 ἃὲμοί
905 1281 1041 1340 μαρτυρ.
1065 1272 1146 1321 recte
1164 1262 1207 1322 M.

336 1344 414 1430 Pag.
425 1347 497 1418 232,
517 1345 563 1411 18.
584 1350 654 1405 oui
672 1347 845 1410 litteras.
888 1346 958 1422 Quo
971 1353 1058 1425 pecto
1070 1343 1226 1425 nactus-sit
1240 1340 1331 1405 hasce

252 1431 376 1507 litteras,
401 1432 443 1490 ita
462 1429 549 1490 docet
570 1430 741 1510 Gregoras:
786 1429 919 1488 Ceterum
939 1428 1073 1506 litterae,
1096 1449 1169 1510 quas
1188 1425 1233 1485 nd
1254 1425 1330 1486 Cra-

252 1515 314 1572 lcm
334 1511 487 1590 Ser-uiae,
510 1511 556 1573 ad
571 1512 750 1596 despotam,
773 1512 820 1571 ud
840 1511 920 1572 alios
931 1511 1105 1594 praesttctos
1128 1509 1255 1591 scriptus
1272 1530 1332 1569 esse

252 1595 409 1668 diximus,
432 1596 553 1678 partim
574 1595 615 1655 oli
634 1596 775 1656 itinerum
800 1593 967 1654 cristodibus
990 1605 1139 1676 exceptae
1160 1604 1243 1664 runt,
1273 1612 1331 1653 eae

253 1678 412 1751 nimirum,
463 1697 524 1739 uae
552 1679 680 1739 chartae
706 1679 873 1762 inscriptae
885 1676 1037 1754 fuerumt:
1062 1675 1182 1759 partim
1210 1675 1250 1735 iis
1275 1675 1332 1735 dc·

254 1760 368 1841 ceptis,
382 1700 526 1842 perlatae
545 1774 611 1821 suut
633 1763 713 1820 tersui
737 1761 828 1820 iinteo
860 1772 890 1818 et
924 1757 995 1819 albo
1017 1758 1202 1841 inscriptae,
1233 1759 1333 1819 tubel-

254 1841 409 1902 tantorum
430 1842 562 1902 uestibus
590 1844 715 1902 solerter
741 1846 870 1903 ituruoe.
927 1841 1012 1901 Nam
1038 1841 1206 1925 imperator
1231 1843 1334 1901 iunior

254 1944 324 1985 cum
343 1925 377 1984 iu
400 1924 475 1985 aliis
495 1926 651 2004 augustiis,
676 1938 741 1985 tum
761 1926 849 1985 circo
868 1923 1066 2006 Ciuistopolin
1087 1922 1221 1985 custodes
1239 1925 1332 1984 collo·

254 2019 349 2067 carot
359 2050 370 2083 ,
391 2007 444 2091 qui
462 2026 564 2068 omues
580 2021 808 2091 praetereumtes
824 2007 1030 2078 excutiebant,
1053 2027 1126 2067 uum
1147 2007 1332 2087 litterusBy·

255 2091 357 2152 wuito
377 2088 534 2170 offerrent,
554 2111 628 2177 quos
636 2091 760 2169 fallere
802 2086 964 2170 erclifficile
988 2103 1065 2150 erat.
1088 2108 1218 2149 nosris.

336 2172 565 2255 Pag.232,19.
587 2172 633 2245 cic
656 2174 729 2234 add.
750 2113 907 2253 iesupra
930 2171 984 2232 lin.
1007 2181 1074 2253 post
1092 2168 1265 2252 φροντίδος.

337 2253 558 2337 Pug.232‚no.
578 2255 759 2335 κεκινῆσθαι
780 2259 823 2317 Μ.
844 2256 921 2316 bene
941 2255 1081 2336 idemque
1095 2250 1183 2331 ἡμῖν.

337 2335 509 2419 Pugnis,
523 2359 574 2404 no.
596 2343 730 2401 recita
745 2340 936 2423 patribus
952 2337 1183 2399 adverbum.
1226 2337 1330 2399 Imita-

256 2432 460 2481 murmurem
481 2422 667 2500 Romanum;
688 2425 700 2482 i
721 2423 846 2483 sienim
866 2432 999 2482 oratores
1020 2441 1082 2480 non
1103 2419 1270 2480 recitabant
1292 2419 1337 2481 le·

256 2521 318 2642 pes,
341 2502 447 2580 edicta,
469 2514 522 2565 aut
543 2503 663 2569 similia.
700 2445 767 2567 ileo
788 2507 912 2587 ipsemet
929 2503 1123 2565 andronicus
1146 2503 1195 2563 bic
1216 2504 1337 2564 videtur

269 2584 363 2661 egisse
387 2583 499 2646 litteras
518 2587 609 2649 istas:
631 2608 693 2649 non
714 2590 795 2648 enim
814 2589 887 2649 dicit
908 2583 1096 2665 destricios,
1127 2586 1179 2646 sed
1199 2583 1258 2646 ἄνα
1282 2608 1338 2647 sm-

255 2660 380 2743 σθήτω,
403 2669 548 2748 legantur.
593 2672 736 2731 Facimus
755 2693 825 2753 ergo
841 2671 988 2732 nantario
1010 2690 1063 2730 eeu
1081 2667 1241 2731 tabellione
1256 2608 1335 2753 (θεὶς

256 2746 289 2808 id
311 2749 392 2808 enim
414 2751 567 2813 decentius
589 2764 644 2814 est.
665 2773 797 2815 ronnas.

339 2829 571 2913 Paestum.
599 2839 652 2896 mi
669 2857 796 2920 nepos,
837 2834 960 2917 Nepos,
992 2836 1064 2916 qiua
1094 2837 1204 2897 sororis
1228 2835 1337 2896 Annae

256 2913 347 2992 lilius,
368 2917 422 2977 etsi
442 2938 512 2979 cum
532 2918 675 2981 adiuncto
694 2918 824 2981 solemus
844 2917 943 2979 dicere
960 2916 999 2977 de
1022 2918 1150 2982 fratrum
1177 2932 1231 2982 aut
1250 2939 1336 2982 soro-

255 3017 327 3059 rum
346 2997 426 3077 filiis,
446 3022 481 3062 ex
504 3002 609 3080 fratre,
631 3024 666 3063 er
690 3024 793 3065 sorore
811 3023 916 3086 nepos.
939 3020 1074 3065 ronrsu.
1146 3036 1148 3045 ν

340 3081 506 3163 Papam,
525 3106 550 3148 1.
572 3079 714 3164 ἔγραψας
735 3088 779 3148 Μ.

339 3163 419 3246 Peg.
435 3167 506 3241 233,
521 3168 551 3229 5.
574 3165 860 3251 εἰςκεφαλατίκιον.
905 3168 1020 3246 Quosa
1037 3169 1133 3251 capite
1145 3168 1336 3252 capitaneos,

257 3254 289 3305 et
308 3247 453 3308 Germani
474 3250 597 3330 quidam
618 3252 823 3336 Harrptmouu
843 3262 962 3328 vocant,
983 3251 1055 3314 belli
1078 3253 1178 3331 duces,
1198 3275 1337 3315 arecon-

254 3326 383 3389 tioribus
396 3330 518 3393 Graecis
538 3329 725 3413 κεφαλάδαι,
745 3326 904 3414 παρὰζτῆν
916 3330 1056 3416 κεφαλὴν
1068 3336 1232 3398 dicuntur:
1256 3337 1339 3398 unde

253 3409 487 3491 κεφαλατίκιον,
509 3416 729 3497 capitaneams,
757 3418 1056 3517 Hauptmansclruffl.
1097 3421 1163 3481 lam
1191 3420 1338 3503 quemad-

256 3491 382 3554 modum
402 3496 484 3576 apud
503 3499 669 3559 Germanos
689 3502 837 3582 capitanei
858 3523 968 3565 nomen
989 3527 1049 3566 non
1064 3501 1124 3564 illis
1143 3514 1263 3565 tantum
1281 3503 1338 3564 tri·

256 3572 381 3673 inuitur,
403 3580 457 3661 qui
479 3579 593 3642 habent
611 3581 668 3643 suh
688 3604 720 3645 se
738 3583 848 3648 milites
857 3632 873 3661 „
896 3588 950 3649 sed
971 3589 1128 3671 praesectis
1147 3608 1269 3669 quoque
1288 3598 1340 3647 to·

256 3669 319 3719 tius
338 3661 479 3745 regionis,
501 3666 591 3726 etiam
610 3675 693 3727 extra
712 3666 871 3745 militiam,
908 3683 945 3733 ut
975 3675 1008 3732 in
1028 3672 1151 3732 Austria
1169 3669 1339 3753 praefectus

256 3741 411 3806 Lincensis
431 3747 600 3830 appellatur
620 3749 938 3835 tumtunm,
966 3766 998 3815 et
1016 3757 1049 3815 in
1068 3752 1175 3837 Tyroli
1194 3754 1340 3836 praefecti

256 3824 361 3887 multis
379 3827 453 3892 locis
472 3832 552 3892 idem
573 3854 683 3895 nomen
703 3832 834 3896 habent:
868 3839 911 3899 sic
937 3838 1018 3920 apud
1037 3839 1168 3898 Graecos
1194 3837 1340 3920 praesenti

256 3907 381 3971 urbium
407 3933 461 3974 seu
479 3916 700 3978 territoriorum
727 3913 907 3999 κεφαλάδαι
926 3919 1173 3999 nominabantur,
1196 3932 1227 3982 et
1248 3918 1338 3996 ditio,

126 4058 130 4073 ⁸
255 3991 307 4052 cui
326 4007 495 4075 praeerant,
517 3997 744 4081 uspatau'xtor,
763 3999 814 4061 die
830 4000 1149 4089 Hauptmauscitaffl..
1176 4002 1261 4063 Sicut
1282 4022 1340 4062 nus

255 4073 350 4158 vulgo
373 4097 483 4139 nomen
506 4081 709 4162 praefecturae
723 4083 913 4163 Germanice,
929 4086 1099 4167 drePlrieg‚
1120 4086 1159 4149 ad
1177 4097 1270 4147 totam
1288 4104 1340 4144 re·

255 4160 375 4240 giomm
392 4161 548 4229 mieriuiue
559 4210 570 4243 ,
590 4167 639 4229 cui
661 4166 729 4251 quis
751 4166 917 4251 praefectus
937 4181 990 4235 est.
1033 4169 1221 4240 Glossarium
1242 4190 1262 4235 a
1281 4167 1339 4233 tli-
