3020 4684
491 286 772 355 ursnenruauu
801 292 855 353 ιν.
872 293 926 360 os.
1154 261 1235 374 3¹7

163 450 319 533 γαμβροῦ.
357 443 465 513 ἔπειτα
488 445 533 521 τίς
553 447 727 512 Θετταλίαν
747 444 848 531 ιῖιτῇρτ
859 440 939 529 πρός
960 441 1016 508 τόν
1037 438 1158 529 ἄνδρα,
1178 437 1313 532 {datu
1329 459 1393 517 1³55

113 590 118 598 ·
163 548 265 632 πόσης
277 547 384 633 κόριον
403 547 602 630 γεγενημένον
621 541 676 609 καὶ
693 547 755 609 ταῖν
774 546 851 610 ιιατόι
873 542 932 628 την
948 536 1159 629 Ἀκαρνανίαν
1182 547 1239 613 πό-

163 654 252 712 λεων.
293 646 394 730 ἡδέως
414 647 450 710 δέ
469 647 584 720 ἐκεῖνος
605 643 775 726 instigata
793 642 849 728 τὴν
866 650 1009 727 γυναῖκα.
1049 646 1105 709 καί
1124 645 1240 727 χρόνον

162 744 230 812 τινό
251 747 391 830 ἠρέμουν
413 745 533 820 οἰκείως
551 742 673 827 ἔχοντες
693 739 839 828 ἀλληλοις
869 739 924 807 καί
942 746 1109 828 συμφυοῦς,
1132 738 1271 827 ὥσπερῃ

135 847 327 930 5πρυοῆιιεν.
367 839 475 908 ἔπειτα
495 846 562 909 τόν
580 838 738 908 συνόντων
755 845 868 923 τινιόν,
902 836 963 905 aina*
984 843 1164 925 μοχθηρίας
1185 845 1241 908 καί

163 946 331 1022 α’συνεσιλις
353 943 477 1008 ἐκείνων
503 966 537 1007 τε
559 941 668 1028 φαῦλα
707 939 762 1006 ιιαί
781 937 951 1027 παρόνομα
975 938 1163 1005 ἐννοοόντων
1185 938 1241 1006 κατ’

102 1050 105 1061 “
162 1039 218 1108 τόν
236 1040 384 1127 δεσπότην
402 1036 584 1124 ἐναγόντων,
607 1037 735 1105 ἔπεισαν
749 1041 807 1124 την
835 1042 895 1122 μέν
917 1048 1049 1122 γυναῖκα
1074 1043 1240 1124 Τριβαλοῖς

163 1143 328 1225 προέσθαι,
349 1138 447 1205 ου’τόν
464 1142 500 1205 δὲ
519 1137 575 1222 την
597 1135 721 1223 Ἑλένης
743 1136 885 1226 α’δελφῆν
916 1143 972 1224 τῆς
993 1135 1108 1223 Κρόλη
1131 1160 1241 1219 γυναι-

163 1238 218 1318 ιιός
237 1240 315 1327 πρός
334 1237 439 1324 γόμον
459 1232 647 1323 ἀγαγέσθαι,
674 1238 717 1314 ὥς
736 1241 790 1322 τῆς
810 1262 844 1303 τε
861 1239 1033 1314 Θετταλίας
1053 1237 1109 1302 καί
1126 1238 1242 1322 Ἀκαρ·
1305 1260 1308 1265 ·

118 1377 155 1418 10
164 1345 272 1417 ναυίας
290 1333 390 1414 οότως
410 1330 545 1424 ἄρξοντα
564 1337 710 1420 βεβαίως,
730 1340 793 1404 τόν
826 1338 991 1423 Τριβαλῶν
1010 1338 1050 1402 οδ
1068 1335 1241 1419 πολεμεόν-

164 1464 226 1504 των
239 1435 293 1503 διόι
312 1436 369 1522 τὴν
385 1437 564 1520 ἐπιγαμίαν,
578 1437 634 1502 καί
648 1433 821 1519 Ἀλβανοός
834 1437 1069 1523 διαφθεροῦντα
1081 1439 1241 1502 ἐναντιου-

163 1538 278 1619 μένους
303 1532 383 1620 πρός
423 1532 481 1619 τὴν
513 1529 617 1619 όρχην
651 1537 706 1601 κατ’
734 1531 1015 1621 παραβλόατοντας
1049 1534 1090 1598 ου’
1116 1538 1238 1619 μέτρια.

163 1636 276 1701 αὐτίκα
294 1659 330 1699 τε
350 1635 456 1718 αήδιός
474 1631 554 1718 πρός
572 1632 630 1718 τὴν
654 1643 787 1718 γυναῖκα
815 1629 882 1718 εἶχε
918 1634 974 1698 κατ’
1006 1626 1080 1699 οόδέ
1101 1627 1285 1718 η’νείχετοσ,
1303 1659 1356 1730 7⁰4

163 1735 254 1802 ἰδεῖν.
294 1728 426 1817 ὕστερον
455 1734 491 1798 δέ
511 1731 605 1821 όλιγηι
631 1732 687 1798 καί
716 1730 796 1819 πρός
811 1724 934 1819 ”Aprusa
959 1735 1015 1817 τῆς
1034 1731 1241 1817 Ἀκαρνανίας

116 1855 154 1919 ,5
164 1829 256 1899 πόλιν
283 1835 433 1925 πέμψας,
461 1832 584 1898 ἐκέλευε
612 1835 837 1919 φρουρεῖσθαι.
887 1828 967 1917 πρός
991 1829 1181 1916 Κρόλαιναν
1203 1835 1242 1901 δέ

162 1931 334 2016 πρεσβείαν
352 1932 491 2013 πέμψας,
510 1927 549 1997 τό
568 1927 650 1995 κατὰ
670 1928 726 1996 τόν
743 1927 845 2014 γόμον
864 1926 997 2016 ἔπραττε
1010 1932 1071 2016 τῆς
1091 1924 1243 2018 όόελφῆς.

161 2032 259 2115 μέχρι
276 2032 336 2111 μέν
357 2021 415 2093 oda
443 2029 477 2093 ἐν
495 2026 599 2113 λόγοις
621 2021 662 2115 ἦν
686 2025 707 2114 ἦ
729 2030 924 2114 ἐπιχείρησις
957 2030 1012 2094 καί
1045 2028 1239 2112 πρεσβείαις,
1248 2047 1275 2100 Ρ.
1293 2047 1347 2117 884

161 2130 217 2194 καί
234 2129 402 2211 βασιλισσα
425 2127 447 2212 ἦ
469 2123 613 2213 θυγότηρ
638 2130 793 2210 βασιλέως
818 2128 1035 2210 ἐνεκαρτέρει,
1063 2125 1118 2194 τόν
1138 2120 1240 2212 ἄνδρα

162 2231 288 2313 οἰομένη
311 2230 367 2312 τῆς
387 2227 519 2304 ότοπίας
540 2226 779 2309 ἀποσχήσεσθαί
796 2248 872 2290 ποτε
893 2222 948 2289 καί
973 2223 1089 2310 μέτρια
1112 2225 1239 2293 auidi-

108 2351 236 2410 „aare
259 2323 437 2413 φρονήσειν.
478 2323 548 2390 ἐπεὶ
568 2327 603 2390 δέ
621 2316 683 2410 ἤδη
702 2325 790 2400 τέλος
807 2318 874 2405 εἶχε
893 2320 1004 2404 πάντα,
1024 2326 1080 2389 κατ’
1099 2324 1130 2389 οἱ
1150 2320 1238 2409 όριιοι

162 2427 329 2505 ἐτελοῦντο,
353 2419 401 2500 οἷς
420 2426 638 2509 ἐνεγέγραπτο,
665 2418 721 2507 τόν
747 2425 808 2505 μέν
833 2428 967 2505 γυναῖκα
994 2427 1160 2507 Τριβαλοίς
1179 2423 1239 2488 αό-

160 2522 216 2590 τόν
235 2526 401 2610 προέσθαι,
417 2527 457 2611 τῇ
477 2525 513 2588 δέ
533 2522 658 2611 α’δελφῇ
679 2521 862 2610 Κραλαίιης
880 2529 1052 2603 συνοικεῖν,
1073 2524 1139 2586 δεῖν
1158 2519 1238 2606 ἔγνω

162 2619 275 2702 σαόζειν
293 2618 410 2706 ἑαυτὴν
425 2619 481 2685 καί
506 2621 550 2706 μὴ
575 2623 617 2686 δι’
635 2616 751 2707 ἐτέρων
772 2617 991 2706 παραπληξίαν
1012 2613 1112 2706 arisbe
1134 2645 1238 2705 παρα-

161 2725 328 2788 πολέσθαι.
371 2719 425 2785 κατ’
448 2722 601 2804 πέμψασα
630 2722 676 2796 εἰς
700 2722 942 2804 Πελοπόννησον
971 2716 1052 2808 πρός
1083 2717 1237 2806 δεσπότην

232 2870 257 2908 n
275 2853 463 2926 γεγενημένου
481 2854 508 2907 Ρ.
581 2852 764 2909 absistimus
782 2856 808 2909 Ρ.

163 2999 194 3043 et
211 2991 311 3043 iactum
327 2989 409 3060 paulo
429 2996 498 3061 post
534 2988 688 3045 Conscensa
713 2992 786 3045 euim
805 2992 867 3046 nari
891 2991 1051 3061 Byzantium
1077 2990 1153 3045 venit
1175 2997 1238 3045 eta

162 3061 261 3113 marito
280 3061 379 3113 sororis
398 3060 545 3114 honorilice
563 3070 674 3129 excepta
694 3069 744 3115 est.
779 3062 951 3116 Postmodum
970 3064 999 3116 in
1018 3061 1185 3115 Thessaliam
1203 3058 1239 3113 ad

163 3133 273 3196 virum,
293 3132 346 3183 iam
364 3132 423 3182 eius
445 3133 531 3183 totius
547 3132 702 3201 provinciae
721 3138 749 3183 et
775 3133 884 3187 urbium
903 3134 1069 3185 Acarnaniae
1088 3133 1239 3196 dominum,

163 3216 192 3253 se
213 3204 347 3255 eontulit:
367 3201 415 3273 qni
435 3216 547 3255 uxorem
567 3202 655 3254 laetus
680 3203 789 3273 accepit
816 3212 844 3256 et
861 3202 1019 3274 aliquandiu
1038 3202 1140 3274 quiete,
1156 3201 1239 3253 fami-

163 3271 268 3325 liariter
295 3279 324 3325 et
342 3271 562 3324 coniunctissime
580 3287 639 3323 cum
659 3289 690 3324 ea
707 3273 795 3338 vixit,
814 3279 845 3324 ut
862 3275 972 3343 quidem
990 3271 1094 3326 debuit.
1131 3272 1239 3325 Deinde

162 3340 273 3411 quidam
291 3340 444 3405 domestici,
464 3341 593 3396 homines
619 3341 739 3413 improbi
757 3359 789 3396 ae
803 3343 909 3407 stolidi,
929 3343 1036 3411 reginae
1054 3343 1171 3414 pessime
1188 3358 1240 3395 cn·

161 3412 278 3494 pirates,
296 3412 437 3479 despotam
454 3429 486 3466 eo
505 3413 688 3482 impulerunt,
711 3421 742 3466 ut
766 3429 877 3466 uxorem
903 3413 1034 3467 Triballis
1061 3414 1130 3464 relin
1152 3420 1239 3476 uerat,

161 3496 220 3550 rpse
238 3480 368 3546 Helenae,
387 3480 474 3534 Cralis
491 3483 599 3543 viduae,
618 3499 737 3537 sororem
756 3484 883 3546 duceret,
901 3500 955 3605 spuo
976 3486 1014 3537 sic
1033 3430 1191 3536 Thessaliae
1210 3490 1240 3534 et

159 3552 325 3606 Acarnaniae
340 3550 480 3604 stabiliret
503 3568 534 3603 ae
553 3554 670 3606 firmaret
697 3553 852 3622 imperium,
871 3555 904 3622 (a
943 3553 1011 3607 illud
1036 3553 1239 3606 matrimonium

159 3622 231 3673 nibil
248 3624 361 3676 maturis
379 3620 535 3690 videlieet)
552 3630 580 3677 et
598 3622 719 3676 albanos
736 3624 904 3678 adversarios
922 3641 977 3677 non
993 3624 1168 3676 mediocriter
1184 3639 1239 3674 no-

160 3691 219 3744 xios
238 3692 382 3763 frangeret.
416 3691 482 3744 Mox
499 3693 641 3764 coniugem
666 3692 705 3744 sie
723 3709 819 3747 exosus
838 3703 899 3757 eat,
923 3702 955 3745 ut
979 3696 1037 3746 eius
1063 3701 1238 3762 conspectum

160 3776 217 3815 non
233 3762 323 3818 seriei.
343 3763 405 3816 Non
423 3762 471 3817 diu
488 3770 551 3832 post
571 3766 672 3827 ertum,
690 3764 856 3817 Acarnaniae
875 3763 980 3826 urbem,
997 3764 1164 3833 praesidium
1182 3764 1237 3814 mi-

159 3831 197 3883 sit
223 3839 251 3883 et
275 3848 335 3885 eum
365 3833 495 3886 Cralaena
510 3849 560 3902 per
579 3842 713 3886 oratorem
740 3833 774 3886 de
799 3832 1015 3888 connubiorum
1034 3835 1092 3887 eius
1112 3844 1239 3903 germana

158 3901 279 3955 ineundo
301 3904 365 3975 egit.
403 3904 453 3954 lies
477 3904 561 3972 igitur
582 3902 635 3954 iam
660 3919 814 3957 sermonum
847 3911 875 3956 et
901 3903 1047 3973 legationis
1065 3910 1146 3958 lenus
1172 3921 1238 3974 pro-

158 3979 281 4031 cesserat.
292 3982 321 4026 et
337 3974 440 4041 regina,
456 3971 627 4042 imperatoris
648 3973 712 4036 lilia,
722 3975 857 4042 patienter
874 3974 944 4027 istuc
961 3974 1076 4038 ferebat,
1095 3981 1163 4037 rata,
1179 3987 1238 4027 ma·

157 4040 242 4092 ritum
261 4043 409 4115 aliquando
429 4059 444 4094 a
462 4042 573 4095 nefariis
592 4042 803 4112 cogitationibus
825 4042 885 4096 istis
903 4059 1035 4109 aversum,
1055 4051 1175 4098 mentem
1193 4056 1238 4095 so·

157 4109 245 4164 briam
273 4121 302 4165 et
326 4129 438 4183 aequam
466 4122 662 4181 suscepturum.
699 4115 844 4183 Postquam
869 4114 947 4167 datus
966 4117 1027 4169 linis
1053 4122 1081 4168 et
1098 4115 1239 4166 iusiuran-

156 4176 232 4246 dum,
252 4181 282 4236 in
300 4200 356 4255 qno
374 4187 504 4256 temptum
524 4183 669 4252 exstabat,
693 4201 721 4239 se
741 4201 852 4239 uxorem
871 4184 1008 4241 Triballis
1028 4186 1187 4258 permittere
1209 4189 1239 4236 et
