2978 4678
240 254 327 354 420
617 278 927 349 nuuorauouts

238 437 330 497 fuisso
343 432 506 515 sagittarii,
520 432 651 519 indeque
665 439 784 520 ponus,
798 456 890 519 quam
909 432 949 496 ab
971 432 1109 497 orientali
1126 433 1221 497 verbo
1238 456 1312 518 ruga

239 519 394 579 norninati.
415 538 543 579 sorren.

314 602 392 681 Pag.
423 598 488 683 174,
509 599 539 668 8.
561 594 614 661 ἐπὶ
635 596 671 663 rd
694 607 792 666 κινεῖν
814 603 859 664 Μ.
880 611 910 662 et
929 592 1133 662 εἰσελθόντων
1152 599 1222 664 add.
1244 610 1313 683 post

239 686 443 763 τεταγμένων.

321 766 401 845 Pag.
428 766 495 847 174,
515 786 548 848 9.
571 759 707 867 opperiar
727 768 770 826 M.
793 778 872 827 recte
893 777 923 826 et
942 763 962 825 l.
988 786 1035 848 ¹7·
1054 755 1255 843 χωρούντων.

322 848 400 928 Pag.
427 850 496 930 174,
518 868 567 908 σι.
589 869 623 909 εν
641 846 741 933 ταύτῷ
762 850 830 912 add.
856 851 899 911 Μ.
909 869 969 930 mg.
979 859 1048 927 post
1064 845 1315 925 συμμίγνυσθαι.

324 932 415 1011 rag:
432 930 498 1012 175,
521 951 552 990 a.
575 921 646 991 οὔτε
668 934 711 991 Μ.
734 952 855 1013 quoqne
877 942 907 992 et
926 930 948 991 Ι.
964 932 1011 992 ι3.
1033 924 1189 1007 zopirus.

322 1013 402 1094 rag.
424 1012 493 1094 175,
513 1012 542 1072 3.
563 1008 726 1091 διήρχοντο
738 1016 784 1075 Μ.

323 1095 402 1175 Pag.
428 1097 496 1177 175,
523 1092 571 1156 15.
618 1097 802 1158 Trinobo.
848 1096 1019 1178 Tripliciter
1039 1095 1130 1155 buius
1150 1091 1234 1154 urbis
1254 1114 1311 1155 no-

240 1202 310 1242 meu
350 1180 495 1259 scriptum
528 1180 666 1258 reperio,
702 1180 878 1251 Trinobns‚
923 1177 1101 1253 remotus,
1139 1175 1310 1242 Turnebus.

239 1265 359 1324 Nicetes
378 1262 513 1323 omnium
534 1261 639 1341 Haemi
669 1261 790 1325 urbiuru
820 1261 1049 1323 munitissimam
1072 1271 1102 1321 ct
1121 1262 1313 1339 praestantis·

241 1350 348 1407 simam
364 1391 377 1418 ,
404 1343 498 1402 firmis
526 1344 740 1405 circumdatam
768 1346 948 1421 moenibus.
978 1363 1066 1404 amne
1089 1345 1311 1423 interceptam,

105 1500 108 1505 ¹
240 1431 271 1489 in
303 1429 413 1488 vertice
443 1428 553 1485 montis
575 1427 760 1489 aedificatam
784 1428 887 1489 scribit
906 1427 960 1487 lib.
978 1448 1005 1488 1.
1035 1428 1182 1507 Gregoras
1205 1423 1261 1485 libr
1280 1425 1311 1485 3.

240 1510 439 1592 Duigarorum
454 1508 565 1588 regiam
576 1510 655 1574 facit.
666 1532 793 1573 nostran.
814 1506 953 1589 σι’ρνσβσν
967 1512 1013 1573 Μ.
1023 1500 1109 1590 text,
1118 1506 1233 1589 τρίνσβ.
1248 1527 1310 1589 mg.

321 1594 403 1673 Pag.
434 1592 502 1673 175,
524 1612 568 1673 ¹7·
590 1589 831 1674 οὔγκρσβλάχων
853 1596 896 1660 Μ.

323 1675 404 1756 Pag.
432 1694 498 1755 177,
523 1676 568 1736 18.
583 1677 746 1757 fungos.
795 1676 913 1760 Duplex
942 1676 1101 1759 fungorum
1130 1694 1223 1755 genus
1254 1671 1312 1733 do-

241 1769 288 1817 cet
312 1777 374 1816 esse
394 1757 583 1818 Dioscorides
603 1757 654 1819 lib.
675 1760 705 1833 4.
727 1780 794 1840 cap.
818 1758 871 1822 83.
900 1757 1003 1820 edules
1035 1768 1088 1819 aut
1117 1758 1253 1817 exitiosos
1275 1775 1314 1816 ac

242 1838 426 1920 perniciales.
467 1837 556 1900 Tales
586 1841 712 1901 eradere
738 1841 840 1903 multis
871 1842 909 1902 de
942 1844 1049 1903 causis
1096 1839 1315 1900 Innocentiores

242 1924 354 2004 quique
373 1942 488 1982 veneno
509 1923 617 1983 imbuti
637 1946 697 1985 non
717 1935 809 2003 sunt,
830 1925 955 1986 iucundi
976 1926 1089 2006 saporis
1107 1944 1171 1984 esse
1190 1932 1220 1982 et
1237 1941 1313 1981 cun-

241 2004 342 2064 ciliare
363 2008 489 2085 gratiam
509 2006 635 2067 iuribus.
677 2009 893 2069 Verumtamen
913 2019 943 2068 et
963 2008 1019 2069 hos
1038 2006 1148 2088 largius
1178 2015 1311 2084 sumptos

241 2107 375 2147 nocere:
402 2091 514 2171 quippe
536 2092 588 2170 qui
619 2111 706 2173 aegre
746 2093 879 2151 concocti
911 2089 1097 2173 strangulent
1131 2098 1183 2149 ant
1210 2086 1313 2146 chole-

240 2189 293 2228 rae
319 2169 459 2230 morbum
486 2171 648 2234 adducant.
691 2175 807 2235 Deinde
836 2174 966 2235 remedia
993 2183 1147 2234 enumerat
1173 2170 1245 2230 nitri
1285 2179 1317 2230 et

242 2251 301 2313 olei
321 2263 374 2312 aut
397 2251 490 2316 lixivii
510 2277 580 2316 cum
604 2256 689 2317 acida
707 2260 806 2318 muria
824 2268 930 2340 potum
951 2257 1128 2319 haustumve
1155 2252 1314 2336 thymbrae

242 2336 382 2396 decoctae
408 2340 561 2419 origanive
581 2339 739 2401 iusculum.
760 2343 836 2402 item
856 2342 958 2401 limum
974 2339 1169 2422 gallinaceum
1190 2358 1224 2396 ex
1245 2356 1314 2395 ace·

242 2426 274 2476 to
299 2428 418 2497 potum,
443 2432 495 2480 aut
515 2441 551 2480 ex
571 2424 691 2502 copioso
711 2423 798 2484 melle
817 2423 988 2484 delinctum.
1030 2424 1130 2482 Porro
1157 2421 1208 2502 qui
1229 2418 1313 2499 fungi

241 2500 273 2557 iu
295 2497 442 2567 alimentis
466 2501 565 2563 locum
585 2502 722 2584 habent,
742 2527 830 2587 aegre
849 2527 967 2587 quoque
987 2503 1215 2565 dissolvuntur:
1239 2504 1315 2582 quin

242 2590 272 2641 ct
296 2582 420 2659 integri,
442 2594 477 2643 ut
498 2585 681 2666 plurimum,
706 2608 765 2649 una
787 2609 855 2648 curn
879 2589 1069 2649 recrementis
1088 2584 1149 2647 alvi
1170 2586 1313 2645 reiiciun-

242 2671 301 2728 tur.
344 2664 495 2727 Hactenus
515 2669 716 2731 Dioscorides.
765 2670 857 2753 Apud
877 2672 1065 2732 Athenaeum
1097 2673 1167 2729 item
1199 2664 1253 2727 tib.
1278 2686 1310 2725 a.

244 2747 328 2842 signa
344 2748 540 2842 ¹traduntur,
573 2753 684 2833 quibus
703 2752 853 2815 esculenta
873 2754 1032 2836 fungorum
1056 2772 1163 2835 genera
1183 2770 1203 2809 a
1223 2768 1313 2809 rene

242 2838 328 2926 nans·
341 2841 592 2927 internoscantur.
625 2835 783 2897 Praeterea
803 2837 912 2898 horum
934 2835 1075 2897 remedia.
1110 2834 1209 2894 Nouii
1230 2844 1316 2891 enuit

230 2912 1237 3098 bauwarum
1257 2915 1317 3057 ἐν.

239 3084 910 3251 inmittunfltttatiut
920 3094 1316 3253 ..ΞΜΜΜὝἾ

244 3237 348 3303 facult.
368 3184 535 3328 libarap.
556 3249 608 3331 69.
632 3250 806 3312 alimentum
826 3272 861 3312 ex
883 3253 980 3333 iungis
999 3252 1086 3311 docet
1105 3267 1169 3308 esse
1187 3246 1317 3327 pituito-

243 3339 311 3381 sunr
346 3334 376 3383 et
407 3325 549 3406 frigidum
573 3335 718 3415 pravique
753 3334 851 3409 succi,
875 3338 900 3395 si
921 3337 987 3416 quis
1010 3332 1123 3412 largius
1142 3350 1178 3389 eo
1197 3338 1313 3392 utatur.

242 3401 340 3485 Larga
365 3417 465 3467 autem
482 3429 569 3472 usum
590 3414 754 3491 Decedam,
793 3414 840 3475 vel
865 3419 963 3499 potius
986 3424 1166 3478 venenatum
1188 3410 1313 3492 aliquod

243 3503 337 3566 genus
358 3487 517 3572 fungorum
537 3495 698 3558 comedisse
709 3496 928 3579 prubabileest.
951 3517 1079 3563 ronrsa·
1106 3487 1247 3575 μήκηῐας
1266 3494 1314 3554 Μ·

281 3604 285 3611 ·
327 3568 547 3660 Pag.rp7‚19.
568 3581 778 3662 κατασχεθείη
800 3582 851 3646 Μ.

326 3650 405 3734 Peg.
420 3659 486 3740 178,
498 3679 523 3724 1.
542 3660 603 3722 seir
623 3663 667 3730 M.
681 3684 738 3746 pro
757 3656 823 3730 τὸν.

325 3732 405 3833 Peg.
419 3760 542 3825 179,2o.
559 3744 659 3828 pede
673 3760 826 3809 terram
842 3741 999 3822 seriens.
1020 3743 1246 3828 Indignautium
1264 3762 1321 3823 ge-

244 3823 318 3875 stus.
335 3818 399 3880 Crc.
411 3822 535 3886 Tuscul.
547 3846 578 3886 n.
598 3827 636 3888 de
658 3827 803 3892 Cleanthe
824 3830 947 3907 Stoico,
968 3830 1020 3911 qui
1040 3827 1234 3893 Heracleoten
1256 3824 1317 3883 Di·

244 3899 382 4044 :Sffim
400 3925 495 4003 teque
513 3908 646 4052 Stpicum
678 3934 697 3974 a
715 3912 873 3995 disciplina
891 3913 1023 3974 Zenonis
1041 3908 1319 4052 iddrmddeiecispe

243 4064 343 4128 matus
354 4006 478 4167 {iffi
494 4006 687 4159 ‘gisfridi
702 3995 932 4161 iiimfiriiilii
948 3998 1320 4157 ‘iiiiiimpsiiiissid

244 4163 490 4236 consumpsisset,
523 4177 591 4221 eum
614 4160 693 4223 serre
711 4182 773 4226 non
791 4163 937 4247 potuisset
945 4183 961 4241 -5
981 4161 1188 4245 pedetentim
1210 4174 1320 4239 percu·
