<?xml version="1.0" encoding="UTF-8"?>
<!DOCTYPE html PUBLIC "-//W3C//DTD XHTML 1.0 Transitional//EN"
    "http://www.w3.org/TR/xhtml1/DTD/xhtml1-transitional.dtd">
<html xmlns="http://www.w3.org/1999/xhtml" xml:lang="en" lang="en">
 <head>
  <title>
</title>
<meta http-equiv="Content-Type" content="text/html;charset=utf-8" />
  <meta name='ocr-system' content='tesseract 3.04.00' />
  <meta name='ocr-capabilities' content='ocr_page ocr_carea ocr_par ocr_line ocrx_word'/>
</head>
<body>
  <div class='ocr_page' id='page_1' title='image "./ioanniscantacuz03joangoog_0551.png"; bbox 0 0 2900 4676; ppageno 0'>
   <div class='ocr_carea' id='block_1_1' title="bbox 235 281 934 387">
    <p class='ocr_par' dir='ltr' id='par_1_1' title="bbox 235 281 934 387">
     <span class='ocr_line' id='line_1_1' title="bbox 235 281 934 387; baseline -0.009 0"><span class='ocrx_word' id='word_1_1' title='bbox 235 281 321 387; x_wconf 71' lang='lat'><strong>524</strong></span> <span class='ocrx_word' id='word_1_2' title='bbox 623 310 934 381; x_wconf 67' lang='lat' dir='ltr'><strong>imminuam</strong></span> 
     </span>
    </p>
   </div>
   <div class='ocr_carea' id='block_1_2' title="bbox 234 467 1326 968">
    <p class='ocr_par' dir='ltr' id='par_1_2' title="bbox 234 467 1326 968">
     <span class='ocr_line' id='line_1_2' title="bbox 312 467 1326 556; baseline 0 -24"><span class='ocrx_word' id='word_1_3' title='bbox 312 468 361 532; x_wconf 90' lang='lat' dir='ltr'><strong>De</strong></span> <span class='ocrx_word' id='word_1_4' title='bbox 381 468 558 556; x_wconf 72' lang='lat' dir='ltr'><strong>purgatione</strong></span> <span class='ocrx_word' id='word_1_5' title='bbox 576 490 630 553; x_wconf 85' lang='lat' dir='ltr'><strong>per</strong></span> <span class='ocrx_word' id='word_1_6' title='bbox 652 470 767 532; x_wconf 81' lang='lat' dir='ltr'>sermm</span> <span class='ocrx_word' id='word_1_7' title='bbox 786 470 943 548; x_wconf 84' lang='lat' dir='ltr'><strong>candens,</strong></span> <span class='ocrx_word' id='word_1_8' title='bbox 974 469 1058 535; x_wconf 91' lang='lat' dir='ltr'><strong>cuius</strong></span> <span class='ocrx_word' id='word_1_9' title='bbox 1078 471 1129 533; x_wconf 86' lang='lat' dir='ltr'><strong>bie</strong></span> <span class='ocrx_word' id='word_1_10' title='bbox 1155 467 1326 533; x_wconf 88' lang='lat' dir='ltr'><strong>admiran-</strong></span> 
     </span>
     <span class='ocr_line' id='line_1_3' title="bbox 234 553 1322 637; baseline -0.001 -21"><span class='ocrx_word' id='word_1_11' title='bbox 234 553 309 616; x_wconf 91' lang='lat' dir='ltr'><strong>dum</strong></span> <span class='ocrx_word' id='word_1_12' title='bbox 326 554 495 637; x_wconf 89' lang='lat' dir='ltr'><strong>exemplum</strong></span> <span class='ocrx_word' id='word_1_13' title='bbox 520 555 746 616; x_wconf 83' lang='lat' dir='ltr'><strong>Cautacuueuus</strong></span> <span class='ocrx_word' id='word_1_14' title='bbox 761 565 987 629; x_wconf 83' lang='lat' dir='ltr'><strong>commemorat,</strong></span> <span class='ocrx_word' id='word_1_15' title='bbox 1009 555 1108 616; x_wconf 79' lang='lat' dir='ltr'>dicere</span> <span class='ocrx_word' id='word_1_16' title='bbox 1128 556 1322 636; x_wconf 78' lang='lat' dir='ltr'>supersedeo</span> 
     </span>
     <span class='ocr_line' id='line_1_4' title="bbox 236 635 1322 722; baseline -0.001 -23"><span class='ocrx_word' id='word_1_17' title='bbox 236 649 304 722; x_wconf 87' lang='lat' dir='ltr'><strong>post</strong></span> <span class='ocrx_word' id='word_1_18' title='bbox 321 638 461 700; x_wconf 87' lang='lat' dir='ltr'><strong>Delrium</strong></span> <span class='ocrx_word' id='word_1_19' title='bbox 485 648 560 699; x_wconf 90' lang='lat' dir='ltr'><strong>tom.</strong></span> <span class='ocrx_word' id='word_1_20' title='bbox 579 658 611 699; x_wconf 78' lang='lat' dir='ltr'><strong>a.</strong></span> <span class='ocrx_word' id='word_1_21' title='bbox 630 639 710 721; x_wconf 77' lang='lat' dir='ltr'><strong>Mag.</strong></span> <span class='ocrx_word' id='word_1_22' title='bbox 731 636 879 720; x_wconf 81' lang='lat' dir='ltr'><strong>disquisit.</strong></span> <span class='ocrx_word' id='word_1_23' title='bbox 900 638 953 701; x_wconf 91' lang='lat' dir='ltr'><strong>lib.</strong></span> <span class='ocrx_word' id='word_1_24' title='bbox 966 637 999 719; x_wconf 99' lang='lat'><strong>4.</strong></span> <span class='ocrx_word' id='word_1_25' title='bbox 1021 659 1085 718; x_wconf 85' lang='lat' dir='ltr'><strong>cap.</strong></span> <span class='ocrx_word' id='word_1_26' title='bbox 1106 635 1139 717; x_wconf 88' lang='lat'><strong>4.</strong></span> <span class='ocrx_word' id='word_1_27' title='bbox 1158 637 1322 720; x_wconf 81' lang='lat' dir='ltr'><strong>quaest.4.</strong></span> 
     </span>
     <span class='ocr_line' id='line_1_5' title="bbox 237 719 1322 805; baseline -0.004 -22"><span class='ocrx_word' id='word_1_28' title='bbox 237 732 310 783; x_wconf 88' lang='lat' dir='ltr'><strong>sect.</strong></span> <span class='ocrx_word' id='word_1_29' title='bbox 326 722 364 799; x_wconf 67' lang='lat'><strong>3„</strong></span> <span class='ocrx_word' id='word_1_30' title='bbox 384 743 424 783; x_wconf 90' lang='lat' dir='ltr'><strong>ne</strong></span> <span class='ocrx_word' id='word_1_31' title='bbox 439 721 545 784; x_wconf 80' lang='lat' dir='ltr'><strong>videar</strong></span> <span class='ocrx_word' id='word_1_32' title='bbox 563 719 694 782; x_wconf 80' lang='lat' dir='ltr'><strong>scribere</strong></span> <span class='ocrx_word' id='word_1_33' title='bbox 717 719 794 783; x_wconf 85' lang='lat' dir='ltr'><strong>velle</strong></span> <span class='ocrx_word' id='word_1_34' title='bbox 808 721 931 783; x_wconf 84' lang='lat' dir='ltr'><strong>Iliadem</strong></span> <span class='ocrx_word' id='word_1_35' title='bbox 955 732 1025 805; x_wconf 85' lang='lat' dir='ltr'><strong>post</strong></span> <span class='ocrx_word' id='word_1_36' title='bbox 1043 721 1219 781; x_wconf 87' lang='lat' dir='ltr'><strong>Homerum.</strong></span> <span class='ocrx_word' id='word_1_37' title='bbox 1262 721 1322 780; x_wconf 79' lang='lat' dir='ltr'><strong>Sa-</strong></span> 
     </span>
     <span class='ocr_line' id='line_1_6' title="bbox 236 806 1322 888; baseline 0 -23"><span class='ocrx_word' id='word_1_38' title='bbox 236 807 277 865; x_wconf 86' lang='lat' dir='ltr'><strong>tis</strong></span> <span class='ocrx_word' id='word_1_39' title='bbox 301 814 346 865; x_wconf 88' lang='lat' dir='ltr'><strong>est</strong></span> <span class='ocrx_word' id='word_1_40' title='bbox 367 826 476 882; x_wconf 86' lang='lat' dir='ltr'><strong>nosse,</strong></span> <span class='ocrx_word' id='word_1_41' title='bbox 501 806 632 887; x_wconf 79' lang='lat' dir='ltr'><strong>graviter</strong></span> <span class='ocrx_word' id='word_1_42' title='bbox 652 814 797 886; x_wconf 86' lang='lat' dir='ltr'><strong>tanquam</strong></span> <span class='ocrx_word' id='word_1_43' title='bbox 814 807 1055 888; x_wconf 87' lang='lat' dir='ltr'><strong>superstitiosam</strong></span> <span class='ocrx_word' id='word_1_44' title='bbox 1070 826 1088 865; x_wconf 92' lang='lat' dir='ltr'><strong>a</strong></span> <span class='ocrx_word' id='word_1_45' title='bbox 1106 806 1199 865; x_wconf 88' lang='lat' dir='ltr'><strong>sacris</strong></span> <span class='ocrx_word' id='word_1_46' title='bbox 1221 825 1322 865; x_wconf 88' lang='lat' dir='ltr'><strong>cano-</strong></span> 
     </span>
     <span class='ocr_line' id='line_1_7' title="bbox 235 886 1321 968; baseline 0 -20"><span class='ocrx_word' id='word_1_47' title='bbox 235 887 327 948; x_wconf 86' lang='lat' dir='ltr'><strong>nibus</strong></span> <span class='ocrx_word' id='word_1_48' title='bbox 345 887 518 950; x_wconf 86' lang='lat' dir='ltr'><strong>damnatam</strong></span> <span class='ocrx_word' id='word_1_49' title='bbox 538 899 569 949; x_wconf 90' lang='lat' dir='ltr'><strong>et</strong></span> <span class='ocrx_word' id='word_1_50' title='bbox 594 886 785 950; x_wconf 81' lang='lat' dir='ltr'><strong>interdictam</strong></span> <span class='ocrx_word' id='word_1_51' title='bbox 805 910 877 951; x_wconf 87' lang='lat' dir='ltr'><strong>esse.</strong></span> <span class='ocrx_word' id='word_1_52' title='bbox 919 888 999 951; x_wconf 89' lang='lat' dir='ltr'><strong>Vide</strong></span> <span class='ocrx_word' id='word_1_53' title='bbox 1020 908 1087 968; x_wconf 87' lang='lat' dir='ltr'><strong>cap.</strong></span> <span class='ocrx_word' id='word_1_54' title='bbox 1120 887 1321 948; x_wconf 52' lang='lat' dir='ltr'><strong>Comatae&amp;</strong></span> 
     </span>
    </p>
   </div>
   <div class='ocr_carea' id='block_1_3' title="bbox 235 969 1423 1057">
    <p class='ocr_par' dir='ltr' id='par_1_3' title="bbox 235 969 1423 1057">
     <span class='ocr_line' id='line_1_8' title="bbox 235 969 1423 1057; baseline -0.003 -25"><span class='ocrx_word' id='word_1_55' title='bbox 235 992 309 1053; x_wconf 61' lang='lat' dir='ltr'><strong>capr</strong></span> <span class='ocrx_word' id='word_1_56' title='bbox 324 970 483 1033; x_wconf 70' lang='lat' dir='ltr'><strong>Merinum.</strong></span> <span class='ocrx_word' id='word_1_57' title='bbox 505 991 535 1032; x_wconf 82' lang='lat' dir='ltr'><strong>a.</strong></span> <span class='ocrx_word' id='word_1_58' title='bbox 556 993 588 1053; x_wconf 88' lang='lat' dir='ltr'><strong>q.</strong></span> <span class='ocrx_word' id='word_1_59' title='bbox 609 970 638 1032; x_wconf 83' lang='lat'><strong>5.</strong></span> <span class='ocrx_word' id='word_1_60' title='bbox 663 982 693 1032; x_wconf 90' lang='lat' dir='ltr'><strong>et</strong></span> <span class='ocrx_word' id='word_1_61' title='bbox 707 992 774 1053; x_wconf 91' lang='lat' dir='ltr'><strong>cap.</strong></span> <span class='ocrx_word' id='word_1_62' title='bbox 794 971 910 1033; x_wconf 82' lang='lat' dir='ltr'><strong>Dilecti</strong></span> <span class='ocrx_word' id='word_1_63' title='bbox 921 982 979 1035; x_wconf 84' lang='lat' dir='ltr'><strong>ext.</strong></span> <span class='ocrx_word' id='word_1_64' title='bbox 998 970 1037 1031; x_wconf 92' lang='lat' dir='ltr'><strong>de</strong></span> <span class='ocrx_word' id='word_1_65' title='bbox 1057 969 1323 1052; x_wconf 78' lang='lat' dir='ltr'><strong>purgationevul-</strong></span> <span class='ocrx_word' id='word_1_66' title='bbox 1422 1034 1423 1057; x_wconf 15' lang='grc' dir='ltr'><strong>χ</strong></span> 
     </span>
    </p>
   </div>
   <div class='ocr_carea' id='block_1_4' title="bbox 236 1051 1326 1637">
    <p class='ocr_par' dir='ltr' id='par_1_4' title="bbox 236 1051 1326 1637">
     <span class='ocr_line' id='line_1_9' title="bbox 236 1051 1323 1155; baseline -0.002 -40"><span class='ocrx_word' id='word_1_67' title='bbox 236 1055 315 1153; x_wconf 75' lang='lat' dir='ltr'><strong>guni,</strong></span> <span class='ocrx_word' id='word_1_68' title='bbox 336 1063 366 1115; x_wconf 88' lang='lat' dir='ltr'><strong>et</strong></span> <span class='ocrx_word' id='word_1_69' title='bbox 385 1075 456 1155; x_wconf 39' lang='lat' dir='ltr'><strong>cap..</strong></span> <span class='ocrx_word' id='word_1_70' title='bbox 471 1052 664 1153; x_wconf 69' lang='lat' dir='ltr'><strong>dementiam,</strong></span> <span class='ocrx_word' id='word_1_71' title='bbox 682 1065 742 1119; x_wconf 82' lang='lat' dir='ltr'><strong>ext.</strong></span> <span class='ocrx_word' id='word_1_72' title='bbox 757 1075 797 1115; x_wconf 89' lang='lat' dir='ltr'><strong>ue</strong></span> <span class='ocrx_word' id='word_1_73' title='bbox 816 1051 917 1116; x_wconf 87' lang='lat' dir='ltr'><strong>clerici</strong></span> <span class='ocrx_word' id='word_1_74' title='bbox 939 1054 988 1116; x_wconf 83' lang='lat' dir='ltr'><strong>vel</strong></span> <span class='ocrx_word' id='word_1_75' title='bbox 1012 1054 1152 1114; x_wconf 87' lang='lat' dir='ltr'><strong>monachi</strong></span> <span class='ocrx_word' id='word_1_76' title='bbox 1177 1051 1323 1113; x_wconf 68' lang='lat' dir='ltr'><strong>saeculn-</strong></span> 
     </span>
     <span class='ocr_line' id='line_1_10' title="bbox 236 1135 1325 1320; baseline -0.005 -36"><span class='ocrx_word' id='word_1_77' title='bbox 236 1136 480 1320; x_wconf 58' lang='lat' dir='ltr'><strong>:ssbtuussu</strong></span> <span class='ocrx_word' id='word_1_78' title='bbox 493 1149 917 1319; x_wconf 38' lang='lat' dir='ltr'><strong>usitidem</strong></span> <span class='ocrx_word' id='word_1_79' title='bbox 928 1135 1325 1303; x_wconf 57' lang='lat' dir='ltr'><strong>{huius-eppe</strong></span> 
     </span>
     <span class='ocr_line' id='line_1_11' title="bbox 236 1303 1325 1470; baseline -0.001 -21"><span class='ocrx_word' id='word_1_80' title='bbox 236 1303 788 1470; x_wconf 51' lang='lat' dir='ltr'><strong>mumEpppplppappppppppffl</strong></span> <span class='ocrx_word' id='word_1_81' title='bbox 815 1386 854 1449; x_wconf 68' lang='lat' dir='ltr'><strong>ae</strong></span> <span class='ocrx_word' id='word_1_82' title='bbox 873 1386 982 1450; x_wconf 67' lang='lat' dir='ltr'><strong>aura</strong></span> <span class='ocrx_word' id='word_1_83' title='bbox 1013 1407 1050 1449; x_wconf 66' lang='lat' dir='ltr'><strong>e.</strong></span> <span class='ocrx_word' id='word_1_84' title='bbox 1070 1386 1170 1448; x_wconf 62' lang='lat' dir='ltr'><strong>...aa</strong></span> <span class='ocrx_word' id='word_1_85' title='bbox 1190 1386 1325 1448; x_wconf 67' lang='lat' dir='ltr'><strong>forma.</strong></span> 
     </span>
     <span class='ocr_line' id='line_1_12' title="bbox 238 1468 1326 1557; baseline 0 -26"><span class='ocrx_word' id='word_1_86' title='bbox 238 1469 362 1557; x_wconf 85' lang='lat' dir='ltr'><strong>prolatis</strong></span> <span class='ocrx_word' id='word_1_87' title='bbox 384 1470 566 1553; x_wconf 87' lang='lat' dir='ltr'><strong>auditisque,</strong></span> <span class='ocrx_word' id='word_1_88' title='bbox 587 1470 756 1553; x_wconf 90' lang='lat' dir='ltr'><strong>suppeditat</strong></span> <span class='ocrx_word' id='word_1_89' title='bbox 774 1473 868 1533; x_wconf 89' lang='lat' dir='ltr'><strong>etiam</strong></span> <span class='ocrx_word' id='word_1_90' title='bbox 887 1470 974 1531; x_wconf 89' lang='lat' dir='ltr'><strong>nobis</strong></span> <span class='ocrx_word' id='word_1_91' title='bbox 997 1469 1056 1531; x_wconf 88' lang='lat' dir='ltr'><strong>hoc</strong></span> <span class='ocrx_word' id='word_1_92' title='bbox 1076 1468 1143 1532; x_wconf 91' lang='lat' dir='ltr'><strong>loco</strong></span> <span class='ocrx_word' id='word_1_93' title='bbox 1163 1469 1326 1531; x_wconf 82' lang='lat' dir='ltr'><strong>Cantacu·</strong></span> 
     </span>
     <span class='ocr_line' id='line_1_13' title="bbox 239 1551 1326 1637; baseline 0 -22"><span class='ocrx_word' id='word_1_94' title='bbox 239 1575 355 1634; x_wconf 86' lang='lat' dir='ltr'><strong>aeuus,</strong></span> <span class='ocrx_word' id='word_1_95' title='bbox 384 1554 526 1631; x_wconf 77' lang='lat' dir='ltr'><strong>referens,</strong></span> <span class='ocrx_word' id='word_1_96' title='bbox 590 1555 696 1615; x_wconf 87' lang='lat' dir='ltr'><strong>osdam</strong></span> <span class='ocrx_word' id='word_1_97' title='bbox 714 1576 749 1616; x_wconf 90' lang='lat' dir='ltr'><strong>ex</strong></span> <span class='ocrx_word' id='word_1_98' title='bbox 772 1553 854 1616; x_wconf 89' lang='lat' dir='ltr'><strong>dicto</strong></span> <span class='ocrx_word' id='word_1_99' title='bbox 874 1551 928 1615; x_wconf 88' lang='lat' dir='ltr'><strong>illo</strong></span> <span class='ocrx_word' id='word_1_100' title='bbox 947 1553 1093 1637; x_wconf 78' lang='lat' dir='ltr'><strong>evangelii</strong></span> <span class='ocrx_word' id='word_1_101' title='bbox 1114 1553 1145 1613; x_wconf 93' lang='lat' dir='ltr'><strong>in</strong></span> <span class='ocrx_word' id='word_1_102' title='bbox 1166 1573 1253 1614; x_wconf 84' lang='lat' dir='ltr'><strong>sacra</strong></span> <span class='ocrx_word' id='word_1_103' title='bbox 1274 1556 1326 1615; x_wconf 87' lang='lat' dir='ltr'><strong>Li·</strong></span> 
     </span>
    </p>
   </div>
   <div class='ocr_carea' id='block_1_5' title="bbox 238 1635 1425 1722">
    <p class='ocr_par' dir='ltr' id='par_1_5' title="bbox 238 1635 1425 1722">
     <span class='ocr_line' id='line_1_14' title="bbox 238 1635 1425 1722; baseline -0.01 -24"><span class='ocrx_word' id='word_1_104' title='bbox 238 1640 337 1720; x_wconf 81' lang='lat' dir='ltr'><strong>turgia</strong></span> <span class='ocrx_word' id='word_1_105' title='bbox 368 1639 514 1717; x_wconf 85' lang='lat' dir='ltr'><strong>recitato,</strong></span> <span class='ocrx_word' id='word_1_106' title='bbox 565 1635 646 1698; x_wconf 66' lang='lat' dir='ltr'><strong>u&#39;me</strong></span> <span class='ocrx_word' id='word_1_107' title='bbox 667 1639 815 1722; x_wconf 75' lang='lat' dir='ltr'><strong>persecuti</strong></span> <span class='ocrx_word' id='word_1_108' title='bbox 841 1650 925 1714; x_wconf 70' lang='lat' dir='ltr'><strong>uuit,</strong></span> <span class='ocrx_word' id='word_1_109' title='bbox 950 1650 981 1698; x_wconf 88' lang='lat' dir='ltr'><strong>et</strong></span> <span class='ocrx_word' id='word_1_110' title='bbox 1011 1658 1066 1697; x_wconf 76' lang='lat' dir='ltr'><strong>we</strong></span> <span class='ocrx_word' id='word_1_111' title='bbox 1087 1650 1326 1721; x_wconf 58' lang='lat' dir='ltr'><strong>pernequam,</strong></span> <span class='ocrx_word' id='word_1_112' title='bbox 1424 1662 1425 1717; x_wconf 42' lang='grc' dir='ltr'>ᾗ</span> 
     </span>
    </p>
   </div>
   <div class='ocr_carea' id='block_1_6' title="bbox 158 1717 1333 3549">
    <p class='ocr_par' dir='ltr' id='par_1_6' title="bbox 238 1717 1326 1804">
     <span class='ocr_line' id='line_1_15' title="bbox 238 1717 1326 1804; baseline -0.002 -23"><span class='ocrx_word' id='word_1_113' title='bbox 238 1740 327 1783; x_wconf 89' lang='lat' dir='ltr'><strong>omen</strong></span> <span class='ocrx_word' id='word_1_114' title='bbox 346 1721 458 1800; x_wconf 85' lang='lat' dir='ltr'><strong>cepisse</strong></span> <span class='ocrx_word' id='word_1_115' title='bbox 477 1719 516 1780; x_wconf 91' lang='lat' dir='ltr'><strong>de</strong></span> <span class='ocrx_word' id='word_1_116' title='bbox 538 1717 626 1781; x_wconf 88' lang='lat' dir='ltr'><strong>bellis</strong></span> <span class='ocrx_word' id='word_1_117' title='bbox 643 1730 675 1781; x_wconf 90' lang='lat' dir='ltr'><strong>et</strong></span> <span class='ocrx_word' id='word_1_118' title='bbox 696 1720 939 1798; x_wconf 81' lang='lat' dir='ltr'><strong>calamitatibus,</strong></span> <span class='ocrx_word' id='word_1_119' title='bbox 960 1719 1070 1804; x_wconf 85' lang='lat' dir='ltr'><strong>quibus</strong></span> <span class='ocrx_word' id='word_1_120' title='bbox 1094 1730 1199 1802; x_wconf 85' lang='lat' dir='ltr'><strong>postea</strong></span> <span class='ocrx_word' id='word_1_121' title='bbox 1221 1720 1326 1801; x_wconf 87' lang='lat' dir='ltr'><strong>impe-</strong></span> 
     </span>
    </p>

    <p class='ocr_par' dir='ltr' id='par_1_7' title="bbox 158 1796 1330 3033">
     <span class='ocr_line' id='line_1_16' title="bbox 238 1796 1326 1885; baseline 0 -21"><span class='ocrx_word' id='word_1_122' title='bbox 238 1796 329 1866; x_wconf 78' lang='lat' dir='ltr'><strong>rator&#39;</strong></span> <span class='ocrx_word' id='word_1_123' title='bbox 345 1805 570 1865; x_wconf 84' lang='lat' dir='ltr'><strong>Cantacuaenus</strong></span> <span class='ocrx_word' id='word_1_124' title='bbox 590 1801 630 1862; x_wconf 88' lang='lat' dir='ltr'><strong>ab</strong></span> <span class='ocrx_word' id='word_1_125' title='bbox 649 1802 760 1865; x_wconf 79' lang='lat' dir='ltr'><strong>invidis</strong></span> <span class='ocrx_word' id='word_1_126' title='bbox 783 1815 814 1865; x_wconf 91' lang='lat' dir='ltr'><strong>et</strong></span> <span class='ocrx_word' id='word_1_127' title='bbox 834 1802 960 1864; x_wconf 87' lang='lat' dir='ltr'><strong>aemulis</strong></span> <span class='ocrx_word' id='word_1_128' title='bbox 978 1804 1141 1885; x_wconf 82' lang='lat' dir='ltr'><strong>exagitatus</strong></span> <span class='ocrx_word' id='word_1_129' title='bbox 1155 1812 1212 1863; x_wconf 84' lang='lat' dir='ltr'><strong>est.</strong></span> <span class='ocrx_word' id='word_1_130' title='bbox 1233 1804 1326 1881; x_wconf 83' lang='lat' dir='ltr'><strong>Quae</strong></span> 
     </span>
     <span class='ocr_line' id='line_1_17' title="bbox 158 1878 1328 1969; baseline 0.001 -22"><span class='ocrx_word' id='word_1_131' title='bbox 158 1878 164 1889; x_wconf 48' lang='lat'>⁸</span> <span class='ocrx_word' id='word_1_132' title='bbox 239 1885 429 1949; x_wconf 86' lang='lat' dir='ltr'><strong>coniectandi</strong></span> <span class='ocrx_word' id='word_1_133' title='bbox 457 1886 571 1968; x_wconf 82' lang='lat' dir='ltr'><strong>species</strong></span> <span class='ocrx_word' id='word_1_134' title='bbox 609 1884 686 1946; x_wconf 90' lang='lat' dir='ltr'><strong>nibil</strong></span> <span class='ocrx_word' id='word_1_135' title='bbox 716 1888 935 1969; x_wconf 84' lang='lat' dir='ltr'><strong>superstitionis</strong></span> <span class='ocrx_word' id='word_1_136' title='bbox 956 1887 1109 1949; x_wconf 85' lang='lat' dir='ltr'><strong>continene</strong></span> <span class='ocrx_word' id='word_1_137' title='bbox 1129 1884 1274 1961; x_wconf 80' lang='lat' dir='ltr'><strong>videtur,</strong></span> <span class='ocrx_word' id='word_1_138' title='bbox 1299 1889 1328 1948; x_wconf 87' lang='lat' dir='ltr'><strong>si</strong></span> 
     </span>
     <span class='ocr_line' id='line_1_18' title="bbox 238 1968 1327 2052; baseline 0.001 -22"><span class='ocrx_word' id='word_1_139' title='bbox 238 1971 364 2032; x_wconf 90' lang='lat' dir='ltr'><strong>modum</strong></span> <span class='ocrx_word' id='word_1_140' title='bbox 390 1979 500 2033; x_wconf 85' lang='lat' dir='ltr'><strong>teneat.</strong></span> <span class='ocrx_word' id='word_1_141' title='bbox 540 1969 618 2030; x_wconf 87' lang='lat' dir='ltr'><strong>Eius</strong></span> <span class='ocrx_word' id='word_1_142' title='bbox 650 1970 761 2052; x_wconf 81' lang='lat' dir='ltr'><strong>passim</strong></span> <span class='ocrx_word' id='word_1_143' title='bbox 784 1970 819 2030; x_wconf 84' lang='lat' dir='ltr'><strong>fit</strong></span> <span class='ocrx_word' id='word_1_144' title='bbox 845 1970 961 2031; x_wconf 88' lang='lat' dir='ltr'><strong>mentio</strong></span> <span class='ocrx_word' id='word_1_145' title='bbox 992 1973 1026 2030; x_wconf 92' lang='lat' dir='ltr'><strong>in</strong></span> <span class='ocrx_word' id='word_1_146' title='bbox 1060 1969 1201 2034; x_wconf 85' lang='lat' dir='ltr'><strong>historiis.</strong></span> <span class='ocrx_word' id='word_1_147' title='bbox 1243 1968 1327 2032; x_wconf 89' lang='lat' dir='ltr'><strong>Cum</strong></span> 
     </span>
     <span class='ocr_line' id='line_1_19' title="bbox 239 2050 1324 2135; baseline -0.003 -20"><span class='ocrx_word' id='word_1_148' title='bbox 239 2063 361 2116; x_wconf 73' lang='lat' dir='ltr'><strong>sancum</strong></span> <span class='ocrx_word' id='word_1_149' title='bbox 379 2050 541 2114; x_wconf 78' lang='lat' dir='ltr'><strong>Anselmus</strong></span> <span class='ocrx_word' id='word_1_150' title='bbox 560 2062 785 2114; x_wconf 85' lang='lat' dir='ltr'><strong>consecraretur</strong></span> <span class='ocrx_word' id='word_1_151' title='bbox 796 2052 967 2135; x_wconf 86' lang='lat' dir='ltr'><strong>episcopus,</strong></span> <span class='ocrx_word' id='word_1_152' title='bbox 987 2072 1116 2133; x_wconf 85' lang='lat' dir='ltr'><strong>cumque</strong></span> <span class='ocrx_word' id='word_1_153' title='bbox 1128 2063 1235 2135; x_wconf 84' lang='lat' dir='ltr'><strong>postea</strong></span> <span class='ocrx_word' id='word_1_154' title='bbox 1252 2052 1324 2134; x_wconf 86' lang='lat' dir='ltr'><strong>pal·</strong></span> 
     </span>
     <span class='ocr_line' id='line_1_20' title="bbox 238 2133 1328 2219; baseline 0.001 -22"><span class='ocrx_word' id='word_1_155' title='bbox 238 2134 316 2198; x_wconf 88' lang='lat' dir='ltr'><strong>lium</strong></span> <span class='ocrx_word' id='word_1_156' title='bbox 336 2138 433 2198; x_wconf 85' lang='lat' dir='ltr'><strong>Roma</strong></span> <span class='ocrx_word' id='word_1_157' title='bbox 454 2136 577 2197; x_wconf 90' lang='lat' dir='ltr'><strong>missum</strong></span> <span class='ocrx_word' id='word_1_158' title='bbox 599 2138 780 2219; x_wconf 86' lang='lat' dir='ltr'><strong>susciperet,</strong></span> <span class='ocrx_word' id='word_1_159' title='bbox 803 2133 916 2198; x_wconf 84' lang='lat' dir='ltr'><strong>lectum</strong></span> <span class='ocrx_word' id='word_1_160' title='bbox 937 2147 982 2198; x_wconf 87' lang='lat' dir='ltr'><strong>est</strong></span> <span class='ocrx_word' id='word_1_161' title='bbox 1000 2139 1033 2197; x_wconf 94' lang='lat' dir='ltr'><strong>in</strong></span> <span class='ocrx_word' id='word_1_162' title='bbox 1058 2135 1181 2196; x_wconf 84' lang='lat' dir='ltr'><strong>ecclesia</strong></span> <span class='ocrx_word' id='word_1_163' title='bbox 1200 2134 1328 2218; x_wconf 86' lang='lat' dir='ltr'><strong>publice</strong></span> 
     </span>
     <span class='ocr_line' id='line_1_21' title="bbox 233 2216 1330 2305; baseline -0.002 -24"><span class='ocrx_word' id='word_1_164' title='bbox 233 2218 431 2303; x_wconf 80' lang='lat' dir='ltr'><strong>&#39;evangelium</strong></span> <span class='ocrx_word' id='word_1_165' title='bbox 451 2218 545 2280; x_wconf 85' lang='lat' dir='ltr'><strong>illud:</strong></span> <span class='ocrx_word' id='word_1_166' title='bbox 566 2216 667 2281; x_wconf 87' lang='lat' dir='ltr'><strong>Homo</strong></span> <span class='ocrx_word' id='word_1_167' title='bbox 686 2218 809 2305; x_wconf 60' lang='lat' dir='ltr'><strong>qratiam</strong></span> <span class='ocrx_word' id='word_1_168' title='bbox 818 2220 900 2299; x_wconf 78' lang='lat' dir='ltr'><strong>fect&#39;t</strong></span> <span class='ocrx_word' id='word_1_169' title='bbox 916 2240 1040 2282; x_wconf 77' lang='lat' dir='ltr'><strong>menum</strong></span> <span class='ocrx_word' id='word_1_170' title='bbox 1060 2239 1202 2301; x_wconf 74' lang='lat' dir='ltr'><strong>maguam</strong></span> <span class='ocrx_word' id='word_1_171' title='bbox 1223 2222 1330 2280; x_wconf 65' lang='lat' dir='ltr'><strong>ami·</strong></span> 
     </span>
     <span class='ocr_line' id='line_1_22' title="bbox 238 2302 1323 2379; baseline -0.003 -14"><span class='ocrx_word' id='word_1_172' title='bbox 238 2304 279 2365; x_wconf 78' lang='lat' dir='ltr'><strong>eit</strong></span> <span class='ocrx_word' id='word_1_173' title='bbox 299 2323 417 2365; x_wconf 83' lang='lat' dir='ltr'><strong>seruum</strong></span> <span class='ocrx_word' id='word_1_174' title='bbox 436 2322 521 2363; x_wconf 80' lang='lat' dir='ltr'><strong>suum</strong></span> <span class='ocrx_word' id='word_1_175' title='bbox 535 2304 610 2363; x_wconf 77' lang='lat' dir='ltr'><strong>liora</strong></span> <span class='ocrx_word' id='word_1_176' title='bbox 626 2322 737 2363; x_wconf 82' lang='lat' dir='ltr'><strong>coenae</strong></span> <span class='ocrx_word' id='word_1_177' title='bbox 756 2302 855 2364; x_wconf 78' lang='lat' dir='ltr'><strong>dicere</strong></span> <span class='ocrx_word' id='word_1_178' title='bbox 873 2304 1019 2376; x_wconf 75' lang='lat' dir='ltr'><strong>inuitatis,</strong></span> <span class='ocrx_word' id='word_1_179' title='bbox 1041 2316 1074 2363; x_wconf 82' lang='lat' dir='ltr'><strong>ut</strong></span> <span class='ocrx_word' id='word_1_180' title='bbox 1089 2303 1229 2363; x_wconf 71' lang='lat' dir='ltr'><strong>vestirent</strong></span> <span class='ocrx_word' id='word_1_181' title='bbox 1245 2313 1323 2379; x_wconf 65' lang='lat' dir='ltr'><strong>etc„</strong></span> 
     </span>
     <span class='ocr_line' id='line_1_23' title="bbox 239 2384 1327 2469; baseline -0.001 -22"><span class='ocrx_word' id='word_1_182' title='bbox 239 2386 273 2447; x_wconf 84' lang='lat' dir='ltr'><strong>in</strong></span> <span class='ocrx_word' id='word_1_183' title='bbox 294 2408 355 2469; x_wconf 86' lang='lat' dir='ltr'><strong>quo</strong></span> <span class='ocrx_word' id='word_1_184' title='bbox 374 2387 522 2447; x_wconf 86' lang='lat' dir='ltr'><strong>recusatio</strong></span> <span class='ocrx_word' id='word_1_185' title='bbox 540 2395 570 2446; x_wconf 88' lang='lat' dir='ltr'><strong>et</strong></span> <span class='ocrx_word' id='word_1_186' title='bbox 589 2385 792 2448; x_wconf 85' lang='lat' dir='ltr'><strong>inobedientia</strong></span> <span class='ocrx_word' id='word_1_187' title='bbox 821 2402 938 2463; x_wconf 79' lang='lat' dir='ltr'><strong>eorum,</strong></span> <span class='ocrx_word' id='word_1_188' title='bbox 958 2385 1010 2469; x_wconf 84' lang='lat' dir='ltr'><strong>qui</strong></span> <span class='ocrx_word' id='word_1_189' title='bbox 1031 2386 1071 2446; x_wconf 89' lang='lat' dir='ltr'><strong>ad</strong></span> <span class='ocrx_word' id='word_1_190' title='bbox 1090 2404 1216 2447; x_wconf 88' lang='lat' dir='ltr'><strong>coenam</strong></span> <span class='ocrx_word' id='word_1_191' title='bbox 1234 2384 1327 2446; x_wconf 84' lang='lat' dir='ltr'><strong>iliam</strong></span> 
     </span>
     <span class='ocr_line' id='line_1_24' title="bbox 238 2467 1327 2635; baseline -0.001 -22"><span class='ocrx_word' id='word_1_192' title='bbox 238 2467 874 2635; x_wconf 54' lang='lat' dir='ltr'><strong>pssegpguggpffiepgggff·</strong></span> <span class='ocrx_word' id='word_1_193' title='bbox 888 2467 1258 2614; x_wconf 46' lang='lat' dir='ltr'><strong>..illtlltll&#39;ffl</strong></span> <span class='ocrx_word' id='word_1_194' title='bbox 1280 2480 1327 2532; x_wconf 64' lang='lat'><strong>‘⁵‘</strong></span> 
     </span>
     <span class='ocr_line' id='line_1_25' title="bbox 238 2564 1327 2717; baseline -0.002 -21"><span class='ocrx_word' id='word_1_195' title='bbox 238 2635 342 2717; x_wconf 87' lang='lat' dir='ltr'><strong>inquit</strong></span> <span class='ocrx_word' id='word_1_196' title='bbox 360 2632 529 2697; x_wconf 85' lang='lat' dir='ltr'><strong>Gulielmus</strong></span> <span class='ocrx_word' id='word_1_197' title='bbox 557 2633 834 2697; x_wconf 84' lang='lat' dir='ltr'><strong>Malmesburiensis</strong></span> <span class='ocrx_word' id='word_1_198' title='bbox 848 2597 868 2715; x_wconf 58' lang='lat'><strong>,⁹</strong></span> <span class='ocrx_word' id='word_1_199' title='bbox 886 2632 941 2701; x_wconf 88' lang='lat' dir='ltr'><strong>lib.</strong></span> <span class='ocrx_word' id='word_1_200' title='bbox 966 2656 992 2700; x_wconf 85' lang='lat'><strong>1.</strong></span> <span class='ocrx_word' id='word_1_201' title='bbox 1026 2632 1065 2695; x_wconf 83' lang='lat' dir='ltr'><strong>de</strong></span> <span class='ocrx_word' id='word_1_202' title='bbox 1090 2564 1327 2717; x_wconf 51' lang='lat' dir='ltr'><strong>gestiam</strong></span> 
     </span>
     <span class='ocr_line' id='line_1_26' title="bbox 241 2713 1328 2801; baseline -0.003 -20"><span class='ocrx_word' id='word_1_203' title='bbox 241 2738 314 2781; x_wconf 88' lang='lat' dir='ltr'><strong>cum</strong></span> <span class='ocrx_word' id='word_1_204' title='bbox 335 2716 533 2801; x_wconf 77' lang='lat' dir='ltr'><strong>Anglorum,</strong></span> <span class='ocrx_word' id='word_1_205' title='bbox 559 2719 593 2779; x_wconf 81' lang='lat' dir='ltr'><strong>tu</strong></span> <span class='ocrx_word' id='word_1_206' title='bbox 621 2718 704 2780; x_wconf 80' lang='lat' dir='ltr'><strong>nullo</strong></span> <span class='ocrx_word' id='word_1_207' title='bbox 729 2719 810 2779; x_wconf 74' lang='lat' dir='ltr'><strong>euim</strong></span> <span class='ocrx_word' id='word_1_208' title='bbox 836 2719 867 2779; x_wconf 84' lang='lat' dir='ltr'><strong>ei</strong></span> <span class='ocrx_word' id='word_1_209' title='bbox 896 2713 1061 2799; x_wconf 78' lang='lat' dir='ltr'><strong>efficaciter</strong></span> <span class='ocrx_word' id='word_1_210' title='bbox 1093 2718 1328 2801; x_wconf 67' lang='lat' dir='ltr'><strong>obtemperatum</strong></span> 
     </span>
     <span class='ocr_line' id='line_1_27' title="bbox 242 2801 1329 2886; baseline -0.002 -22"><span class='ocrx_word' id='word_1_211' title='bbox 242 2815 305 2877; x_wconf 80' lang='lat' dir='ltr'><strong>est,</strong></span> <span class='ocrx_word' id='word_1_212' title='bbox 324 2801 379 2863; x_wconf 84' lang='lat' dir='ltr'><strong>sed</strong></span> <span class='ocrx_word' id='word_1_213' title='bbox 397 2801 533 2863; x_wconf 77' lang='lat' dir='ltr'><strong>omnibus</strong></span> <span class='ocrx_word' id='word_1_214' title='bbox 557 2821 656 2886; x_wconf 80' lang='lat' dir='ltr'><strong>pocae</strong></span> <span class='ocrx_word' id='word_1_215' title='bbox 671 2813 836 2885; x_wconf 75' lang='lat' dir='ltr'><strong>pmetexto</strong></span> <span class='ocrx_word' id='word_1_216' title='bbox 859 2801 1034 2881; x_wconf 76' lang='lat' dir='ltr'><strong>exornatio,</strong></span> <span class='ocrx_word' id='word_1_217' title='bbox 1063 2823 1138 2885; x_wconf 82' lang='lat' dir='ltr'><strong>quae</strong></span> <span class='ocrx_word' id='word_1_218' title='bbox 1159 2802 1213 2862; x_wconf 80' lang='lat' dir='ltr'><strong>oet</strong></span> <span class='ocrx_word' id='word_1_219' title='bbox 1231 2822 1329 2884; x_wconf 72' lang='grc' dir='ltr'><strong>ρωε·</strong></span> 
     </span>
     <span class='ocr_line' id='line_1_28' title="bbox 242 2882 1327 2971; baseline 0 -24"><span class='ocrx_word' id='word_1_220' title='bbox 242 2884 371 2949; x_wconf 66' lang='lat' dir='ltr'><strong>dicando</strong></span> <span class='ocrx_word' id='word_1_221' title='bbox 396 2885 512 2961; x_wconf 72' lang='lat' dir='ltr'><strong>domuit,</strong></span> <span class='ocrx_word' id='word_1_222' title='bbox 536 2884 588 2947; x_wconf 84' lang='lat' dir='ltr'><strong>uel</strong></span> <span class='ocrx_word' id='word_1_223' title='bbox 601 2882 820 2949; x_wconf 69' lang='lat' dir='ltr'><strong>mteuninoudo</strong></span> <span class='ocrx_word' id='word_1_224' title='bbox 838 2882 1003 2971; x_wconf 76' lang='lat' dir='ltr'><strong>prulibrc&#39;t.</strong></span> <span class='ocrx_word' id='word_1_225' title='bbox 1044 2883 1104 2945; x_wconf 84' lang='lat' dir='ltr'><strong>Sed</strong></span> <span class='ocrx_word' id='word_1_226' title='bbox 1120 2883 1196 2945; x_wconf 85' lang='lat' dir='ltr'><strong>baec</strong></span> <span class='ocrx_word' id='word_1_227' title='bbox 1216 2882 1327 2947; x_wconf 84' lang='lat' dir='ltr'><strong>hacte-</strong></span> 
     </span>
     <span class='ocr_line' id='line_1_29' title="bbox 241 2988 474 3033; baseline 0.009 -2"><span class='ocrx_word' id='word_1_228' title='bbox 241 2988 264 3031; x_wconf 92' lang='lat' dir='ltr'><strong>n</strong></span> <span class='ocrx_word' id='word_1_229' title='bbox 301 2988 474 3033; x_wconf 55' lang='lat' dir='ltr'><strong>mmmm.</strong></span> 
     </span>
    </p>

    <p class='ocr_par' dir='ltr' id='par_1_8' title="bbox 239 2989 1333 3381">
     <span class='ocr_line' id='line_1_30' title="bbox 265 2989 1332 3136; baseline 0 -21"><span class='ocrx_word' id='word_1_230' title='bbox 265 2989 300 3032; x_wconf 65' lang='lat' dir='ltr'><strong>m</strong></span> <span class='ocrx_word' id='word_1_231' title='bbox 326 3049 709 3136; x_wconf 74' lang='lat' dir='ltr'><strong>Pog.rpu,14.oudita</strong></span> <span class='ocrx_word' id='word_1_232' title='bbox 754 3054 872 3113; x_wconf 83' lang='lat' dir='ltr'><strong>etiam</strong></span> <span class='ocrx_word' id='word_1_233' title='bbox 909 3050 954 3113; x_wconf 85' lang='lat' dir='ltr'><strong>de</strong></span> <span class='ocrx_word' id='word_1_234' title='bbox 979 3049 1072 3131; x_wconf 79' lang='lat' dir='ltr'><strong>ficu</strong></span> <span class='ocrx_word' id='word_1_235' title='bbox 1110 3050 1332 3136; x_wconf 76' lang='lat' dir='ltr'><strong>parabola.</strong></span> 
     </span>
     <span class='ocr_line' id='line_1_31' title="bbox 239 3126 1333 3218; baseline -0.006 -18"><span class='ocrx_word' id='word_1_236' title='bbox 239 3129 450 3218; x_wconf 72' lang='grc' dir='ltr'><strong><em>Μνημονικὸν</em></strong></span> <span class='ocrx_word' id='word_1_237' title='bbox 482 3126 680 3216; x_wconf 57' lang='lat' dir='ltr'><strong>(iuniorum</strong></span> <span class='ocrx_word' id='word_1_238' title='bbox 711 3154 784 3196; x_wconf 88' lang='lat' dir='ltr'><strong>nam</strong></span> <span class='ocrx_word' id='word_1_239' title='bbox 814 3154 906 3218; x_wconf 87' lang='lat' dir='ltr'><strong>supra</strong></span> <span class='ocrx_word' id='word_1_240' title='bbox 932 3134 974 3195; x_wconf 91' lang='lat' dir='ltr'><strong>de</strong></span> <span class='ocrx_word' id='word_1_241' title='bbox 1000 3154 1061 3195; x_wconf 81' lang='lat' dir='ltr'><strong>ura</strong></span> <span class='ocrx_word' id='word_1_242' title='bbox 1080 3135 1244 3194; x_wconf 84' lang='lat' dir='ltr'><strong>immatura</strong></span> <span class='ocrx_word' id='word_1_243' title='bbox 1272 3156 1333 3217; x_wconf 86' lang='lat' dir='ltr'><strong>pa-</strong></span> 
     </span>
     <span class='ocr_line' id='line_1_32' title="bbox 242 3216 1331 3301; baseline -0.001 -21"><span class='ocrx_word' id='word_1_244' title='bbox 242 3217 381 3280; x_wconf 84' lang='lat' dir='ltr'><strong>rabolem</strong></span> <span class='ocrx_word' id='word_1_245' title='bbox 400 3217 512 3278; x_wconf 85' lang='lat' dir='ltr'><strong>attulit.</strong></span> <span class='ocrx_word' id='word_1_246' title='bbox 552 3217 614 3279; x_wconf 86' lang='lat' dir='ltr'><strong>Sed</strong></span> <span class='ocrx_word' id='word_1_247' title='bbox 633 3217 692 3278; x_wconf 88' lang='lat' dir='ltr'><strong>buc</strong></span> <span class='ocrx_word' id='word_1_248' title='bbox 710 3238 804 3301; x_wconf 70' lang='lat' dir='ltr'><strong>genus</strong></span> <span class='ocrx_word' id='word_1_249' title='bbox 831 3219 947 3301; x_wconf 81' lang='lat' dir='ltr'><strong>peccati</strong></span> <span class='ocrx_word' id='word_1_250' title='bbox 964 3217 1056 3279; x_wconf 86' lang='lat' dir='ltr'><strong>etiam</strong></span> <span class='ocrx_word' id='word_1_251' title='bbox 1074 3216 1192 3300; x_wconf 74' lang='lat' dir='ltr'><strong>magub</strong></span> <span class='ocrx_word' id='word_1_252' title='bbox 1210 3228 1243 3278; x_wconf 86' lang='lat' dir='ltr'><strong>et</strong></span> <span class='ocrx_word' id='word_1_253' title='bbox 1256 3228 1331 3279; x_wconf 81' lang='lat' dir='ltr'><strong>&#39;no-</strong></span> 
     </span>
     <span class='ocr_line' id='line_1_33' title="bbox 243 3299 1000 3381; baseline -0.003 -18"><span class='ocrx_word' id='word_1_254' title='bbox 243 3303 366 3363; x_wconf 84' lang='lat' dir='ltr'><strong>tissimis</strong></span> <span class='ocrx_word' id='word_1_255' title='bbox 388 3301 584 3381; x_wconf 85' lang='lat' dir='ltr'><strong>scriptoribus</strong></span> <span class='ocrx_word' id='word_1_256' title='bbox 606 3299 682 3363; x_wconf 87' lang='lat' dir='ltr'><strong>solet</strong></span> <span class='ocrx_word' id='word_1_257' title='bbox 703 3301 847 3363; x_wconf 82' lang='lat' dir='ltr'><strong>accidere.</strong></span> <span class='ocrx_word' id='word_1_258' title='bbox 869 3320 1000 3362; x_wconf 73' lang='lat' dir='ltr'><strong>norrun.</strong></span> 
     </span>
    </p>

    <p class='ocr_par' dir='ltr' id='par_1_9' title="bbox 244 3375 1333 3549">
     <span class='ocr_line' id='line_1_34' title="bbox 326 3375 1333 3465; baseline 0.001 -22"><span class='ocrx_word' id='word_1_259' title='bbox 326 3380 549 3465; x_wconf 79' lang='lat' dir='ltr'><strong>Pag.175,1s.</strong></span> <span class='ocrx_word' id='word_1_260' title='bbox 568 3384 800 3445; x_wconf 78' lang='lat' dir='ltr'><strong>exercitum</strong></span> <span class='ocrx_word' id='word_1_261' title='bbox 845 3384 1079 3450; x_wconf 73' lang='lat' dir='ltr'><strong>cohortium.</strong></span> <span class='ocrx_word' id='word_1_262' title='bbox 1119 3381 1187 3444; x_wconf 81' lang='lat' dir='ltr'><strong>Etsi</strong></span> <span class='ocrx_word' id='word_1_263' title='bbox 1205 3375 1333 3463; x_wconf 66' lang='lat' dir='ltr'><strong>scirpeu-</strong></span> 
     </span>
     <span class='ocr_line' id='line_1_35' title="bbox 244 3456 1333 3549; baseline -0.001 -19"><span class='ocrx_word' id='word_1_264' title='bbox 244 3485 287 3530; x_wconf 73' lang='lat' dir='ltr'><strong>co</strong></span> <span class='ocrx_word' id='word_1_265' title='bbox 307 3462 455 3546; x_wconf 88' lang='lat' dir='ltr'><strong>appellat,</strong></span> <span class='ocrx_word' id='word_1_266' title='bbox 479 3474 511 3524; x_wconf 87' lang='lat' dir='ltr'><strong>et</strong></span> <span class='ocrx_word' id='word_1_267' title='bbox 529 3456 634 3542; x_wconf 74' lang='grc' dir='ltr'><em>τάγμα</em></span> <span class='ocrx_word' id='word_1_268' title='bbox 656 3466 779 3547; x_wconf 85' lang='lat' dir='ltr'><strong>propria</strong></span> <span class='ocrx_word' id='word_1_269' title='bbox 797 3462 946 3549; x_wconf 73' lang='lat' dir='ltr'><strong>legionem</strong></span> <span class='ocrx_word' id='word_1_270' title='bbox 964 3476 1070 3543; x_wconf 87' lang='lat' dir='ltr'><strong>sonat,</strong></span> <span class='ocrx_word' id='word_1_271' title='bbox 1102 3475 1206 3528; x_wconf 85' lang='lat' dir='ltr'><strong>tamen</strong></span> <span class='ocrx_word' id='word_1_272' title='bbox 1232 3466 1333 3529; x_wconf 86' lang='lat' dir='ltr'><strong>malni</strong></span> 
     </span>
    </p>
   </div>
   <div class='ocr_carea' id='block_1_7' title="bbox 121 3545 1334 3632">
    <p class='ocr_par' dir='ltr' id='par_1_10' title="bbox 121 3545 1334 3632">
     <span class='ocr_line' id='line_1_36' title="bbox 121 3545 1334 3632; baseline -0.001 -19"><span class='ocrx_word' id='word_1_273' title='bbox 121 3606 125 3613; x_wconf 92' lang='lat'><strong>.</strong></span> <span class='ocrx_word' id='word_1_274' title='bbox 245 3551 376 3612; x_wconf 75' lang='lat' dir='ltr'><strong>cohortes</strong></span> <span class='ocrx_word' id='word_1_275' title='bbox 397 3566 518 3608; x_wconf 79' lang='lat' dir='ltr'><strong>vocare.</strong></span> <span class='ocrx_word' id='word_1_276' title='bbox 560 3545 595 3608; x_wconf 83' lang='lat' dir='ltr'><strong>Si</strong></span> <span class='ocrx_word' id='word_1_277' title='bbox 614 3548 697 3608; x_wconf 89' lang='lat' dir='ltr'><strong>enim</strong></span> <span class='ocrx_word' id='word_1_278' title='bbox 716 3547 779 3609; x_wconf 89' lang='lat' dir='ltr'><strong>iul</strong></span> <span class='ocrx_word' id='word_1_279' title='bbox 819 3550 888 3610; x_wconf 88' lang='lat' dir='ltr'><strong>&#39;one</strong></span> <span class='ocrx_word' id='word_1_280' title='bbox 911 3569 1051 3611; x_wconf 87' lang='lat' dir='ltr'><strong>numeres</strong></span> <span class='ocrx_word' id='word_1_281' title='bbox 1071 3547 1176 3610; x_wconf 86' lang='lat' dir='ltr'><strong>saltem</strong></span> <span class='ocrx_word' id='word_1_282' title='bbox 1195 3561 1334 3632; x_wconf 80' lang='lat' dir='ltr'><strong>quatuor</strong></span> 
     </span>
    </p>
   </div>
   <div class='ocr_carea' id='block_1_8' title="bbox 243 3629 1334 4299">
    <p class='ocr_par' dir='ltr' id='par_1_11' title="bbox 243 3629 1334 4299">
     <span class='ocr_line' id='line_1_37' title="bbox 243 3629 1332 3715; baseline 0.001 -22"><span class='ocrx_word' id='word_1_283' title='bbox 243 3631 363 3710; x_wconf 85' lang='lat' dir='ltr'><strong>millia,</strong></span> <span class='ocrx_word' id='word_1_284' title='bbox 388 3629 565 3692; x_wconf 81' lang='lat' dir='ltr'><strong>conluciseet</strong></span> <span class='ocrx_word' id='word_1_285' title='bbox 589 3630 796 3693; x_wconf 80' lang='lat' dir='ltr'><strong>exercitnmb</strong></span> <span class='ocrx_word' id='word_1_286' title='bbox 848 3631 1001 3707; x_wconf 88' lang='lat' dir='ltr'><strong>millium,</strong></span> <span class='ocrx_word' id='word_1_287' title='bbox 1036 3642 1184 3715; x_wconf 88' lang='lat' dir='ltr'><strong>quantum</strong></span> <span class='ocrx_word' id='word_1_288' title='bbox 1215 3636 1249 3692; x_wconf 88' lang='lat' dir='ltr'><strong>in</strong></span> <span class='ocrx_word' id='word_1_289' title='bbox 1279 3632 1332 3695; x_wconf 84' lang='lat' dir='ltr'><strong>bis</strong></span> 
     </span>
     <span class='ocr_line' id='line_1_38' title="bbox 245 3712 1331 3799; baseline 0.002 -22"><span class='ocrx_word' id='word_1_290' title='bbox 245 3714 331 3777; x_wconf 83' lang='lat' dir='ltr'><strong>libris</strong></span> <span class='ocrx_word' id='word_1_291' title='bbox 353 3730 510 3797; x_wconf 85' lang='lat' dir='ltr'><strong>nunquam</strong></span> <span class='ocrx_word' id='word_1_292' title='bbox 538 3721 585 3775; x_wconf 88' lang='lat' dir='ltr'><strong>est</strong></span> <span class='ocrx_word' id='word_1_293' title='bbox 606 3712 726 3793; x_wconf 84' lang='lat' dir='ltr'><strong>videre,</strong></span> <span class='ocrx_word' id='word_1_294' title='bbox 754 3725 878 3799; x_wconf 82' lang='lat' dir='ltr'><strong>propter</strong></span> <span class='ocrx_word' id='word_1_295' title='bbox 903 3716 1079 3777; x_wconf 86' lang='lat' dir='ltr'><strong>imminutas</strong></span> <span class='ocrx_word' id='word_1_296' title='bbox 1104 3736 1177 3797; x_wconf 87' lang='lat' dir='ltr'><strong>opes</strong></span> <span class='ocrx_word' id='word_1_297' title='bbox 1197 3716 1331 3779; x_wconf 80' lang='lat' dir='ltr'><strong>Romani</strong></span> 
     </span>
     <span class='ocr_line' id='line_1_39' title="bbox 244 3796 1200 3883; baseline 0.003 -22"><span class='ocrx_word' id='word_1_298' title='bbox 244 3798 365 3883; x_wconf 86' lang='lat' dir='ltr'><strong>imperii</strong></span> <span class='ocrx_word' id='word_1_299' title='bbox 384 3808 415 3859; x_wconf 85' lang='lat' dir='ltr'><strong>et</strong></span> <span class='ocrx_word' id='word_1_300' title='bbox 433 3796 539 3858; x_wconf 90' lang='lat' dir='ltr'><strong>alienis</strong></span> <span class='ocrx_word' id='word_1_301' title='bbox 557 3796 664 3880; x_wconf 89' lang='lat' dir='ltr'><strong>opibus</strong></span> <span class='ocrx_word' id='word_1_302' title='bbox 683 3809 747 3860; x_wconf 86' lang='lat' dir='ltr'><strong>tam</strong></span> <span class='ocrx_word' id='word_1_303' title='bbox 768 3798 857 3861; x_wconf 84' lang='lat' dir='ltr'><strong>valde</strong></span> <span class='ocrx_word' id='word_1_304' title='bbox 875 3798 1052 3882; x_wconf 78' lang='lat' dir='ltr'><strong>indigentes.</strong></span> <span class='ocrx_word' id='word_1_305' title='bbox 1074 3818 1200 3864; x_wconf 75' lang='lat' dir='ltr'><strong>somus.</strong></span> 
     </span>
     <span class='ocr_line' id='line_1_40' title="bbox 328 3878 1333 3963; baseline 0.001 -20"><span class='ocrx_word' id='word_1_306' title='bbox 328 3878 550 3963; x_wconf 77' lang='lat' dir='ltr'><strong>Pag.184‚uo.</strong></span> <span class='ocrx_word' id='word_1_307' title='bbox 570 3884 707 3962; x_wconf 79' lang='lat' dir='ltr'><strong>socies</strong></span> <span class='ocrx_word' id='word_1_308' title='bbox 736 3882 790 3943; x_wconf 84' lang='lat' dir='ltr'><strong>ad</strong></span> <span class='ocrx_word' id='word_1_309' title='bbox 817 3881 953 3942; x_wconf 81' lang='lat' dir='ltr'><strong>clunes</strong></span> <span class='ocrx_word' id='word_1_310' title='bbox 973 3882 1181 3949; x_wconf 78' lang='lat' dir='ltr'><strong>obuersus.</strong></span> <span class='ocrx_word' id='word_1_311' title='bbox 1222 3883 1333 3944; x_wconf 83' lang='lat' dir='ltr'><strong>Genus</strong></span> 
     </span>
     <span class='ocr_line' id='line_1_41' title="bbox 245 3964 1333 4048; baseline -0.002 -20"><span class='ocrx_word' id='word_1_312' title='bbox 245 3985 381 4028; x_wconf 72' lang='lat' dir='ltr'><strong>summm</strong></span> <span class='ocrx_word' id='word_1_313' title='bbox 392 3964 574 4046; x_wconf 77' lang='lat' dir='ltr'><strong>ignominiae</strong></span> <span class='ocrx_word' id='word_1_314' title='bbox 591 3985 644 4025; x_wconf 89' lang='lat' dir='ltr'><strong>seu</strong></span> <span class='ocrx_word' id='word_1_315' title='bbox 660 3985 775 4047; x_wconf 70' lang='lat' dir='ltr'><strong>poeum</strong></span> <span class='ocrx_word' id='word_1_316' title='bbox 791 3966 1101 4048; x_wconf 76' lang='lat' dir='ltr'><strong>ignominiosissimae.</strong></span> <span class='ocrx_word' id='word_1_317' title='bbox 1142 3964 1227 4044; x_wconf 89' lang='lat' dir='ltr'><strong>Quid</strong></span> <span class='ocrx_word' id='word_1_318' title='bbox 1245 3968 1333 4026; x_wconf 88' lang='lat' dir='ltr'><strong>enim</strong></span> 
     </span>
     <span class='ocr_line' id='line_1_42' title="bbox 244 4047 1333 4130; baseline -0.001 -20"><span class='ocrx_word' id='word_1_319' title='bbox 244 4048 337 4111; x_wconf 75' lang='lat' dir='ltr'><strong>vilius</strong></span> <span class='ocrx_word' id='word_1_320' title='bbox 360 4059 390 4109; x_wconf 91' lang='lat' dir='ltr'><strong>et</strong></span> <span class='ocrx_word' id='word_1_321' title='bbox 408 4047 608 4128; x_wconf 88' lang='lat' dir='ltr'><strong>contemptius</strong></span> <span class='ocrx_word' id='word_1_322' title='bbox 628 4050 742 4109; x_wconf 84' lang='lat' dir='ltr'><strong>asiuo&#39;l</strong></span> <span class='ocrx_word' id='word_1_323' title='bbox 765 4058 795 4108; x_wconf 89' lang='lat' dir='ltr'><strong>et</strong></span> <span class='ocrx_word' id='word_1_324' title='bbox 815 4048 872 4108; x_wconf 85' lang='lat' dir='ltr'><strong>isto</strong></span> <span class='ocrx_word' id='word_1_325' title='bbox 891 4048 1046 4130; x_wconf 87' lang='lat' dir='ltr'><strong>equitandi</strong></span> <span class='ocrx_word' id='word_1_326' title='bbox 1066 4047 1176 4125; x_wconf 85' lang='lat' dir='ltr'><strong>modo,</strong></span> <span class='ocrx_word' id='word_1_327' title='bbox 1196 4058 1233 4108; x_wconf 90' lang='lat' dir='ltr'><strong>ut</strong></span> <span class='ocrx_word' id='word_1_328' title='bbox 1256 4069 1333 4109; x_wconf 87' lang='lat' dir='ltr'><strong>cau·</strong></span> 
     </span>
     <span class='ocr_line' id='line_1_43' title="bbox 247 4130 1333 4214; baseline 0.001 -21"><span class='ocrx_word' id='word_1_329' title='bbox 247 4132 317 4193; x_wconf 88' lang='lat' dir='ltr'><strong>dnm</strong></span> <span class='ocrx_word' id='word_1_330' title='bbox 342 4152 397 4213; x_wconf 91' lang='lat' dir='ltr'><strong>pro</strong></span> <span class='ocrx_word' id='word_1_331' title='bbox 416 4130 502 4192; x_wconf 88' lang='lat' dir='ltr'><strong>freno</strong></span> <span class='ocrx_word' id='word_1_332' title='bbox 522 4141 647 4208; x_wconf 86' lang='lat' dir='ltr'><strong>teneas,</strong></span> <span class='ocrx_word' id='word_1_333' title='bbox 671 4131 746 4213; x_wconf 87' lang='lat' dir='ltr'><strong>quid</strong></span> <span class='ocrx_word' id='word_1_334' title='bbox 765 4133 884 4212; x_wconf 90' lang='lat' dir='ltr'><strong>turpius</strong></span> <span class='ocrx_word' id='word_1_335' title='bbox 902 4134 1034 4214; x_wconf 74' lang='lat' dir='ltr'><strong>magisve</strong></span> <span class='ocrx_word' id='word_1_336' title='bbox 1053 4131 1246 4194; x_wconf 78' lang='lat' dir='ltr'><strong>ridiculum?</strong></span> <span class='ocrx_word' id='word_1_337' title='bbox 1274 4131 1333 4193; x_wconf 76' lang='lat' dir='ltr'><strong>sed</strong></span> 
     </span>
     <span class='ocr_line' id='line_1_44' title="bbox 248 4213 1334 4299; baseline 0.002 -23"><span class='ocrx_word' id='word_1_338' title='bbox 248 4226 280 4276; x_wconf 87' lang='lat' dir='ltr'><strong>et</strong></span> <span class='ocrx_word' id='word_1_339' title='bbox 298 4214 490 4277; x_wconf 69' lang='lat' dir='ltr'><strong>mmmm</strong></span> <span class='ocrx_word' id='word_1_340' title='bbox 511 4213 714 4296; x_wconf 83' lang='lat' dir='ltr'><strong>patriercham</strong></span> <span class='ocrx_word' id='word_1_341' title='bbox 734 4234 753 4276; x_wconf 89' lang='lat' dir='ltr'><strong>a</strong></span> <span class='ocrx_word' id='word_1_342' title='bbox 770 4215 894 4299; x_wconf 89' lang='lat' dir='ltr'><strong>Diippio</strong></span> <span class='ocrx_word' id='word_1_343' title='bbox 913 4215 985 4277; x_wconf 86' lang='lat' dir='ltr'><strong>duci</strong></span> <span class='ocrx_word' id='word_1_344' title='bbox 1005 4216 1115 4295; x_wconf 86' lang='lat' dir='ltr'><strong>iussit,</strong></span> <span class='ocrx_word' id='word_1_345' title='bbox 1146 4216 1234 4278; x_wconf 74' lang='lat' dir='ltr'><strong>asino</strong></span> <span class='ocrx_word' id='word_1_346' title='bbox 1253 4215 1334 4278; x_wconf 85' lang='lat' dir='ltr'><strong>insi-</strong></span> 
     </span>
    </p>
   </div>
   <div class='ocr_carea' id='block_1_9' title="bbox 0 0 1468 4676">
    <p class='ocr_par' dir='ltr' id='par_1_12' title="bbox 0 0 1468 4676">
     <span class='ocr_line' id='line_1_45' title="bbox 0 0 1468 4676; baseline 0 0"><span class='ocrx_word' id='word_1_347' title='bbox 0 0 1468 4676; x_wconf 95' lang='lat' dir='ltr'><strong> </strong></span> 
     </span>
    </p>
   </div>
  </div>
 </body>
</html>
