2978 4678
425 295 481 361 sn
512 292 790 361 usurscumur
820 286 893 357 tra.
914 245 939 356 ι.
1147 262 1230 377 373

163 471 237 514 nam
261 448 314 513 illo
409 469 441 510 re
468 468 557 511 suum
586 445 672 507 illum
699 444 875 509 oriemalem
903 443 1064 510 honorant.
1105 464 1235 506 nosris.

166 527 322 613 Οὕγγριάς
377 542 498 597 ,recte
748 526 762 543 ⁸

247 616 326 696 Peg.
341 634 390 693 ιι,
406 613 452 676 ι6.
478 611 777 674 Constantinum
797 610 1005 694 despotam.
1039 608 1171 690 Despota
1185 608 1236 670 bic

162 696 255 771 valet,
277 698 359 778 quod
379 696 520 778 Hispanis
543 695 732 756 etLusitanis
750 694 861 771 irffaus.
900 693 1121 775 Primogenitus
1142 694 1236 771 cuim,

164 775 903 938 tuttmdtttffllbssufltttt
921 797 1079 918 ttttt
1098 776 1240 918 stt?

165 946 325 1019 stantium,
349 956 379 1005 et
407 941 492 1004 affert
511 962 590 1018 eam,
614 962 706 1022 quam
727 939 914 1002 adduximus.
961 941 1156 1023 Imperatores
1175 941 1238 1000 Ilo·

167 1029 249 1090 mani
270 1027 308 1088 de
326 1025 406 1096 filiis,
428 1036 480 1086 aut
493 1023 663 1105 nepotibus,
684 1034 737 1084 aut
753 1024 989 1104 consanguineis,
1010 1043 1239 1105 quorumprae-

168 1123 296 1173 stantem
321 1109 465 1171 vidissent
493 1104 625 1167 indolem
656 1115 687 1167 ct
723 1106 761 1166 ad
792 1106 1002 1188 imperandum
1028 1104 1151 1166 idoneos
1177 1106 1241 1167 fore

170 1195 372 1268 censuissent,
400 1208 582 1251 successores
609 1187 666 1249 sibi
693 1182 849 1271 legebant,
878 1209 954 1269 quos
977 1190 1063 1249 initio
1093 1191 1242 1269 principos

169 1275 334 1338 iuventutis
352 1271 569 1334 nominabants
610 1280 677 1353 pom
703 1271 849 1331 nominati
870 1282 941 1331 sunt
962 1271 1125 1349 Caesares,
1149 1272 1242 1352 (quod

171 1362 379 1434 retinuerunt,
409 1355 499 1417 mam
533 1373 603 1415 cum
635 1352 674 1413 ad
705 1352 823 1414 culmen
856 1354 1063 1434 imperatoriae
1083 1354 1243 1415 maiestatis

172 1437 407 1516 adscendissent,
426 1447 462 1497 ut
469 1437 608 1498 Caesares
629 1437 821 1516 imperatores
839 1435 1034 1512 dicerentur3)
1054 1435 1175 1497 tandem
1190 1437 1244 1497 No

173 1520 310 1584 bilissimi
331 1520 473 1580 Caesares
496 1516 635 1599 appellati
654 1529 735 1584 suut.
776 1518 868 1600 Apud
888 1517 1132 1579 TurcasZelebis
1153 1521 1245 1600 signi·

174 1605 244 1671 ficet
263 1602 406 1669 nobilem.
448 1602 548 1679 Quam
569 1621 673 1662 vocem
694 1622 798 1663 eorum
811 1599 1133 1669 monarchaebonoris
1156 1623 1246 1663 causa

176 1690 209 1748 in
229 1685 447 1749 succesoribus
466 1686 528 1745 suis
556 1683 746 1745 nominandis
779 1686 944 1757 imitatione
978 1684 1181 1745 Romanorum
1201 1689 1247 1761 (ut

178 1769 287 1831 coniici
347 1770 412 1844 test)
434 1776 626 1847 usurparunt.
665 1766 780 1828 Tamen
804 1765 983 1827 Mabometis
1004 1767 1045 1829 ll.
1078 1775 1247 1833 etsucces·

176 1872 281 1915 sorum
302 1789 358 1911 lili
385 1870 447 1913 non
468 1848 609 1927 Zelebes,
642 1847 694 1909 sed
715 1848 832 1912 Sullani
863 1849 960 1931 coepti
985 1859 1056 1912 suut
1082 1848 1245 1932 indigitant.

178 1952 302 1997 courir.
867 1986 869 1993 ,

261 2014 457 2097 Pag.rr,19.
477 2034 526 2074 ex
540 2010 657 2075 Irene
673 2012 819 2075 March.
833 2012 1247 2093 Montirserratilom-

177 2098 287 2160 bord.
302 2097 429 2182 princ.
441 2097 564 2176 filia.
606 2095 710 2157 lrenae
724 2096 795 2157 buic
815 2107 934 2157 senatus
948 2097 1112 2157 Genucnsis
1120 2107 1250 2177 quatuor

177 2186 313 2242 triremes
332 2180 491 2259 instructas
510 2178 654 2256 decrerit,
676 2200 755 2259 quae
775 2178 858 2239 illum
879 2179 1056 2261 Byzantium
1076 2181 1251 2240 Andronico

179 2275 344 2346 nupturam
363 2262 518 2322 devexere.
560 2262 709 2342 Gregoras
727 2259 805 2321 libro
835 2270 917 2320 sexto
945 2262 1087 2343 scriptum
1117 2260 1249 2342 reliquit,

180 2368 252 2409 cum
273 2365 310 2406 eo
330 2344 511 2420 duceretur,
539 2344 633 2423 egisse
662 2363 775 2402 annum
798 2341 1015 2416 undecimum,
1044 2343 1253 2405 Andronicum

180 2450 255 2490 vero
274 2428 398 2487 tertium
424 2447 515 2507 supra
547 2427 741 2487 vicesimum:
771 2445 861 2568 (pram
890 2434 921 2485 et
942 2426 1045 2486 vultus
1074 2438 1104 2487 et
1132 2448 1253 2487 morum

181 2510 327 2593 elegantia
341 2508 567 2570 commendarit.
608 2507 767 2569 Mulierem
792 2528 868 2590 unge
891 2508 1160 2570 ambitiosissimam
1171 2531 1255 2570 eam·

181 2593 252 2655 dem
274 2592 416 2653 describit
440 2590 518 2651 libro
537 2593 685 2673 septimo,
718 2593 828 2674 quippe
858 2611 935 2674 quae
960 2612 1064 2653 omnes
1088 2603 1148 2652 tres
1177 2592 1255 2655 filios

181 2697 255 2738 suos
277 2676 471 2756 imperatores
492 2672 638 2755 designari
659 2674 868 2755 percupiebat,
891 2684 921 2735 et
940 2685 975 2734 ut
993 2673 1084 2739 modo
1104 2679 1255 2757 imperan-

182 2769 228 2820 tes
249 2759 373 2820 videret.
414 2757 565 2817 Romanas
588 2776 659 2836 opes
689 2758 721 2816 iu
742 2756 947 2819 Romanorum
972 2756 1072 2820 hostes
1091 2759 1256 2840 profunde-

181 2841 247 2903 bat.
292 2840 419 2917 Ibidem,
439 2859 532 2921 quem
552 2837 627 2898 lenis
641 2837 679 2898 ad
701 2859 766 2899 eam
786 2836 963 2920 placandam
980 2840 1170 2901 Andronicus
1189 2841 1256 2901 sue-

183 2927 235 2985 rit.
275 2923 369 2984 Febri
389 2932 546 3003 correpta,
580 2921 645 2981 obit
664 2919 745 2983 diem
776 2943 865 2983 suum
894 2922 926 2983 in
954 2923 1098 3003 oppidulo
1130 2924 1256 3002 Drama,

182 3026 244 3090 quo
267 3007 359 3079 animi
379 3006 473 3087 gretia
486 3002 696 3065 Thessalonica
716 3025 749 3065 se
767 3005 902 3066 conferre
922 3005 1045 3066 solebat
1085 3006 1141 3065 Est
1157 3017 1258 3066 autem

181 3092 298 3153 Graece
332 3081 484 3168 ἄρχοντος
512 3084 758 3165 Λουμιιαρδὼις.
798 3086 842 3148 At
863 3087 943 3148 enim
977 3108 1039 3147 non
1067 3091 1167 3170 paruit
1187 3089 1258 3149 buic

182 3171 354 3233 Marcbioui
375 3170 513 3231 universa
532 3168 736 3242 Lombardia,
767 3190 859 3252 quam
886 3170 1055 3231 Insubrium
1077 3179 1190 3231 veteres
1209 3170 1259 3230 di·

182 3274 263 3334 xere,
283 3252 420 3337 (proinde
446 3251 548 3312 maluiv
566 3252 732 3312 Lombardi
744 3254 916 3336 principii,
948 3273 1039 3335 mam
1058 3253 1260 3315 Lombardius

178 3339 339 3422 principis,
352 3347 385 3396 ut
406 3337 532 3395 vitarem
551 3329 587 3396 τὰ
609 3330 809 3416 ἀμφίβολον)
829 3334 881 3396 sed
900 3355 936 3396 ea
956 3335 1053 3397 solum
1072 3358 1089 3397 r
1127 3335 1258 3409 uacuis,

183 3440 265 3502 quae
282 3423 361 3479 inter
379 3417 499 3479 Pedum
518 3427 550 3478 et
570 3417 726 3478 Tanarum
746 3418 801 3479 sita
821 3429 852 3478 et
870 3420 931 3478 iarn
952 3419 1068 3501 pridem
1086 3357 1259 3480 Albutisfer·

183 3505 243 3564 rati
263 3503 385 3563 nomine
404 3510 510 3561 vocata
535 3510 589 3564 est.
631 3500 752 3561 Primus
783 3500 919 3563 Murcbio
945 3505 1010 3563 eius
1042 3502 1100 3561 fuit
1119 3500 1259 3561 Alinara-

184 3605 253 3662 nus,
274 3606 293 3646 a
312 3604 415 3645 socero
429 3582 552 3645 Othone
571 3604 681 3664 magno
700 3594 831 3662 creatus,
851 3604 931 3646 anno
949 3584 1062 3647 Christi
1081 3582 1166 3668 967.;
1191 3584 1261 3646 inde

82 3680 87 3685 '
184 3677 287 3751 postea
310 3665 499 3727 Marchiuncs
520 3668 687 3748 propagati.
725 3685 854 3736 sorren.

268 3752 351 3830 Peg.
367 3768 416 3822 ιι,
439 3769 486 3832 ¹9·
510 3746 700 3829 Μουμφερᾶ
720 3749 766 3809 Μ.

255 3832 349 3931 ,Pap
369 3852 417 3929 ri,
433 3852 486 3929 pr.
505 3842 542 3889 et
560 3829 949 3925 puellscSimom'die.
989 3829 1263 3976 GeorpiusPacby·

187 3924 300 3975 merrus
317 3914 375 3976 boc
398 3913 443 3975 illi
462 3932 572 3973 nomen
594 3911 704 3974 factum
724 3914 828 3994 tradu,
850 3915 943 3997 quod.
964 3936 1035 3977 cum
1054 3937 1155 3999 puras
1177 3915 1263 3998 puel·

187 3996 237 4057 lae
257 3996 431 4059 Andronico
451 4005 539 4056 natae
559 4006 772 4077 morerentur,
793 3999 955 4060 amuliere
975 3998 1106 4081 quadam
1125 3999 1260 4075 edoctus,

190 4076 349 4139 duodecim
372 4077 575 4161 apostolorum
594 4077 754 4139 duodecim
775 4090 888 4143 statuas
922 4102 1020 4143 cereus
1054 4081 1114 4143 viri
1143 4083 1261 4160 magni·

190 4160 296 4226 tudine
317 4162 452 4237 statuerit
480 4181 588 4245 easque
620 4161 677 4224 sub
696 4172 815 4246 tempus
834 4176 938 4247 partus
955 4166 1060 4233 ordine
1084 4162 1260 4231 accenderit.
