2938 4686
244 305 321 402 180
628 330 909 415 εκυτκουιουι

84 486 300 554 uenturus
323 460 484 569 δογμάτόον
507 487 706 569 ε’γκαλοῖντο,
737 482 832 550 αδτοδ
850 486 971 566 μᾶλλον
989 486 1092 560 κακῶς
1117 487 1193 569 περὶ
1210 477 1314 549 αότιῦν
1356 514 1362 523 ·

238 588 437 671 φρονοῦντες,
461 583 498 646 οῦ
519 587 687 669 περιεῖδον,
709 585 778 648 ἀλλ’
798 586 853 649 ἐντί
866 581 922 666 τὴν
937 584 1076 661 ἐξέτασιν
1087 584 1230 648 ἐκέλευον
1248 607 1315 665 χοι·

238 693 303 769 ρεῖν
327 681 382 746 καί
402 682 570 765 τυγχάνειν
592 685 653 747 ruit
675 685 824 763 δικαίων,
853 680 907 745 καί
928 686 1049 757 πίστεις
1077 690 1228 767 παρεῖχον
1261 683 1316 745 ins*

235 784 277 870 τῷ
298 782 463 847 πεάιεσδαι
485 784 659 869 προσδοκᾷν
681 783 780 868 μηδὲν
808 777 920 847 δεινόν.
946 782 1118 846 δεδοικέναι
1138 779 1197 865 γάρ
1219 779 1313 862 ἔλεγε,

235 881 280 963 μὴ
311 879 434 968 εἱρχδῇ.
492 878 586 955 αδτός
618 882 653 944 δὲ
683 882 778 947 οὐδὲν
804 873 897 964 ἦττον
924 883 980 944 καί
1005 877 1087 961 μετά
1117 877 1175 954 τάς
1197 880 1341 953 ssereret

235 977 448 1064 ἀπεκρύπτετο
469 984 523 1044 καί
544 978 681 1063 η’γνοὴδη
700 983 796 1065 μέχρι
814 980 966 1065 τελευτῆς.
1003 974 1108 1068 χρόνῳ
1129 980 1165 1043 tt
1184 972 1316 1061 ὕστερον

7 1162 8 1179 ,
234 1080 305 1146 ι’πεί
325 1073 423 1154 αότός
446 1103 480 1142 τε
501 1082 532 1144 Γ
531 1080 667 1163 ρηγοράς
687 1082 744 1143 κοιί
763 1075 854 1143 άλλοι
875 1075 1058 1163 α’νεφῦησαν
1077 1081 1131 1163 τῆς
1152 1074 1314 1160 Βαρλαάμ

6 1214 7 1219 1
234 1178 290 1242 καί
308 1174 501 1243 Ἀκινδόνου
523 1175 673 1259 αἱρέσεως
695 1174 840 1259 διάδοχοι
869 1174 924 1240 καί
941 1174 1000 1261 τὴν
1018 1179 1182 1260 ἐκκλησίαν
1201 1173 1313 1258 ttoni·

6 1238 9 1337 i
233 1282 312 1360 βουν
333 1276 388 1341 καί
401 1273 437 1339 τό
458 1272 659 1360 δικαστήριον
680 1278 861 1358 έπεβοιῦντο,
880 1270 916 1340 οῦ
932 1277 1087 1360 περιεῖδον
1100 1267 1208 1351 πόδες,
1231 1271 1311 1338 isit

6 1340 8 1429 i
234 1373 366 1440 σόνσδόν
384 1398 417 1439 τε
439 1377 473 1439 ἐκ
494 1378 616 1438 πολλῶν
636 1375 811 1459 α’ρχιερέων
831 1370 1053 1459 συνεκρότουν,
1075 1375 1131 1439 καί
1150 1370 1209 1439 τόν
1230 1375 1312 1437 Θεσ-
1325 1395 1363 1437 ιο

5 1486 7 1577 i
199 1476 398 1558 Ιλσαλσνίκης
416 1476 448 1540 Γ
445 1469 591 1558 ρηγόριον
604 1471 658 1539 τόν
672 1477 836 1555 Παλαμάν
854 1470 1097 1557 μετιπεμπόμην
1119 1469 1220 1557 λόγον,
1241 1468 1316 1556 περὶ

5 1588 8 1667 i
235 1564 280 1640 τόν
300 1576 484 1656 ἐνεκαλεῖτο,
507 1569 659 1656 δάσονται,
681 1577 783 1638 καίτοι
804 1572 922 1649 δίκαιος
942 1566 987 1638 τόν
1009 1570 1049 1637 τά
1071 1573 1121 1648 δίς
1132 1571 1314 1657 ἐψηφισμέ-

232 1698 273 1739 νο
293 1674 435 1758 στέργειν
455 1670 620 1757 πρότερον.
659 1669 811 1754 βασιλεῦς
829 1695 864 1735 τε
886 1668 947 1758 γάρ
972 1669 1181 1754 Ἀνδρόνικος
1200 1671 1218 1734 δ
1243 1664 1312 1734 άοί-

232 1774 324 1853 διμος
357 1767 438 1853 μετά
469 1775 525 1853 τῆς
552 1771 687 1836 συνόδου
712 1773 914 1836 κατεδίκασεν
947 1766 1086 1847 άπάσαις
1114 1770 1238 1856 ψήφοις
1270 1767 1308 1834 usi

129 1914 136 1929 .
232 1868 394 1955 Βαρλαάμ
413 1866 481 1934 τότε
501 1866 598 1950 μόνον
604 1920 614 1950 ,
635 1867 721 1934 άλλά·
735 1871 791 1935 καί
810 1868 845 1935 εἴ
858 1892 905 1945 τις
925 1864 1059 1955 ῦστερον
1073 1867 1218 1957 φαίνοιτο
1232 1866 1361 1956 ppo-15

231 1974 294 2037 νοῦν
313 1967 353 2034 τά
371 1967 436 2049 ἴσα,
458 1971 512 2034 καί
529 1966 611 2051 μετά
634 1972 743 2051 ταῦτα,
766 1969 844 2045 ἐμοῦ
865 1967 1004 2050 εἰπόντος,
1017 1961 1127 2035 ’Arva
1146 1968 1168 2054 ἦ
1187 1967 1313 2052 βασιλίς

230 2065 310 2151 μετά
332 2070 394 2133 τῶν
418 2069 602 2152 άρχιερέοιν,
627 2064 718 2151 ἡνίκα
736 2066 934 2152 πατριάρχην
953 2091 987 2132 τε
1010 2072 1156 2133 καθελλον
1174 2065 1229 2134 τόν
1248 2071 1312 2134 ’ία-

232 2164 328 2253 άννιγν
354 2165 407 2232 διά
428 2166 487 2251 τὴν
505 2170 691 2245 κακοδοξίαν
725 2167 780 2229 κατ’
810 2164 883 2243 τοῦς
903 2168 1094 2252 φρονοῦντας
1114 2163 1155 2231 τά
1175 2164 1231 2232 ἴσα
1251 2159 1312 2230 αῦ-

230 2271 284 2345 eu
305 2259 562 2352 ἢφρσνήσονιοις,
583 2261 630 2330 ὅτε
645 2264 699 2329 καί
708 2268 770 2331 τῶν
781 2259 914 2349 ῦστερον
927 2259 1148 2348 ἀντιλεγόντων
1171 2262 1202 2329 οἱ
1223 2267 1311 2329 πλεί-

231 2387 288 2443 ους
296 2359 379 2450 ἦσαν
387 2364 566 2449 σύμψηφοι,
576 2358 597 2448 ἢ
606 2362 779 2450 προστάται
793 2367 855 2428 τοῖν
863 2365 1032 2447 γινομένων
1043 2367 1176 2446 μᾶλλον.
1189 2361 1309 2439 δίκαιος
1318 2390 1359 2433 νο

232 2457 302 2547 σῦν,
324 2460 429 2550 ὥσπερ
449 2461 540 2550 ἔφην,
553 2461 591 2528 τά
611 2465 812 2549 ἐψηφισμένα
832 2465 972 2548 στέργειν
989 2457 1046 2553 τόν,
1069 2460 1305 2547 οόχόπέμεινα,

119 2577 151 2632 Ρ.
169 2563 273 2652 eoem}
297 2567 352 2630 καί
371 2565 421 2628 ἐπ’
442 2561 586 2643 ἐμαυτοῦ
606 2560 664 2644 τὴν
683 2564 824 2641 ἐξέτασιν
838 2561 1033 2646 ποιήσασθαι
1044 2566 1107 2628 τάν
1121 2565 1307 2647 λεγομένων,

229 2665 285 2732 καί
301 2661 358 2728 τόν
380 2665 438 2727 τοῦ
460 2659 584 2725 δικαίου
610 2657 701 2744 λόγον
721 2660 759 2724 οῦ
780 2664 946 2746 παρεῖδον,
977 2662 1046 2725 ἀλλ’
1075 2657 1220 2745 ἐξήνεγκε
1248 2659 1308 2745 τὴν

228 2767 337 2852 ψῆφον
358 2762 465 2846 άλρδῆ
490 2763 546 2826 καί
565 2761 710 2844 δικαιόν,
733 2751 807 2825 οῦτε
827 2761 956 2848 φιλίαν,
977 2751 1051 2827 orire
1070 2756 1215 2847 ἔχθραν,
1235 2752 1309 2826 orire

301 2916 325 2955 t·
344 2888 500 2969 ἐγκαλοῖεν
513 2897 551 2956 Μ.
567 2915 619 2968 mg.

229 3020 367 3089 fidemque
385 3015 459 3078 dedi,
472 3016 544 3069 nihii
563 3017 590 3069 si
609 3017 689 3070 triste
706 3026 882 3073 eventurum
898 3022 996 3075 timere
1015 3020 1127 3075 enimse
1144 3019 1308 3082 rffirnrsbst‚

229 3107 266 3143 ne
284 3092 357 3141 iussu
376 3104 437 3139 meo
453 3088 483 3139 in
503 3102 636 3139 carcerem
655 3096 802 3157 reperetur,
836 3093 885 3143 ilie
905 3108 984 3155 vero,
1010 3108 1090 3162 quem
1113 3108 1173 3143 urm
1199 3097 1310 3157 acceptu

230 3161 296 3223 fide,
313 3158 402 3210 nihilo
420 3158 510 3211 minus
528 3173 557 3208 se
575 3157 746 3221 oecuiiabst,
770 3169 799 3212 et
814 3160 855 3213 adr
866 3172 978 3216 mortem
996 3110 1187 3233 usqueistuit.
1223 3162 1309 3214 Tem·

251 3245 298 3282 ure
319 3225 502 3297 procedente,
528 3226 576 3278 ubi
601 3229 659 3295 ipse
678 3227 732 3281 Gre
750 3246 809 3282 uras
834 3239 862 3283 et
888 3233 935 3283 aiii
963 3233 1096 3284 Barisrmi
1121 3240 1150 3284 et
1172 3229 1309 3297 Acindyni

229 3248 352 3354 [εοιειίε
368 3311 534 3350 ιοοοοιεοιοι
555 3300 658 3356 exorti.
686 3314 717 3351 ee
744 3300 827 3352 esisrn
851 3301 1045 3371 perturbarunt
1070 3308 1098 3353 et
1116 3300 1239 3354 tribunal
1256 3316 1310 3368 sp·

228 3370 382 3440 peiisrunt,
404 3366 495 3419 denuo
513 3383 569 3420 rem
587 3368 698 3420 minime
719 3370 940 3423 dissimulandam
962 3374 1076 3435 censui,
1094 3372 1142 3423 sed
1159 3373 1309 3423 multorum

229 3443 417 3509 episcoporum
434 3435 565 3506 synodum
583 3440 658 3507 coegi
676 3438 890 3513 Gregoriurnque
910 3442 1056 3506 Psismsrn,
1077 3441 1101 3492 Τ
1102 3442 1308 3495 λιοειεΙοτιίοοιι·

228 3528 284 3564 sem
303 3510 469 3574 antistitem,
498 3508 645 3571 accersivi,
679 3510 714 3562 de
742 3511 842 3582 quibus
869 3512 1063 3577 accusabatur,
1098 3527 1310 3582 responsurum,

229 3581 353 3652 quemvis
371 3588 452 3632 nutes
473 3575 516 3631 bis
539 3580 653 3634 decretis
670 3581 770 3632 merito
788 3592 931 3635 contentus
960 3599 1017 3634 esse
1044 3583 1200 3651 potuissem.
1237 3581 1308 3633 Nam

229 3660 259 3703 et
277 3648 478 3702 iaudstissimus
495 3650 544 3702 iiie
567 3653 715 3719 imperator
732 3654 901 3705 Andronicus
919 3670 979 3706 curn
1003 3654 1108 3722 synodo
1127 3669 1183 3706 non
1202 3652 1309 3705 Bsrirs·

228 3738 302 3773 muru
319 3716 406 3772 soi'unr
421 3758 429 3784 ,
447 3719 494 3772 sed
511 3722 534 3771 si
551 3723 613 3792 quis
631 3722 660 3774 in
677 3730 815 3790 posterum
834 3725 907 3793 paria
924 3725 1025 3777 sentire
1046 3725 1229 3791 reperiretur,
1257 3737 1309 3790 pe·

228 3794 303 3846 nitus
318 3791 469 3851 damnavit,
486 3798 515 3842 et
536 3797 639 3862 postes,
657 3808 700 3844 me
717 3792 838 3855 absente,
855 3796 931 3846 Anne
951 3795 1107 3863 imperatrix
1123 3811 1183 3846 eum
1202 3792 1310 3861 episeo-

229 3865 292 3933 pis,
310 3860 418 3931 qnando
436 3864 566 3915 loannem
586 3862 766 3929 patriarchum
784 3871 896 3933 propter
913 3863 1050 3934 opinionis
1069 3880 1188 3919 errorem
1213 3862 1315 3915 sinnii

229 3948 284 4004 que
305 3947 397 3984 omnes
412 3930 507 3983 eedem
527 3932 675 3985 sentientes
702 3941 752 3986 aut
775 3950 898 3987 sensurus
917 3938 1118 3999 exsecremus,
1135 3952 1196 3987 eum
1214 3935 1308 4003 piures

229 4019 341 4065 eorum,
360 4003 408 4071 qui
425 4002 662 4066 contradixerunt,
680 4005 895 4067 assentirentur,
917 4007 973 4058 imo
992 4006 1032 4055 rei
1051 4005 1175 4074 agundae
1201 4019 1310 4073 praees·

228 4082 292 4127 sent
306 4074 407 4144 potius.
444 4072 512 4124 Cum
530 4073 641 4140 itaque,
660 4080 691 4125 ut
706 4078 830 4138 narravi,
856 4074 972 4127 decretis
991 4082 1136 4128 contentus
1166 4090 1224 4126 esse
1242 4089 1310 4144 pus·

227 4159 305 4206 sem,
322 4161 378 4197 non
397 4141 508 4212 quievi,
533 4144 601 4214 quin
626 4157 668 4194 sne
695 4161 806 4216 quoque
831 4146 1008 4214 imperatore,
1034 4162 1106 4215 quse
1131 4144 1205 4198 diets
1228 4148 1310 4205 sunt,

227 4216 259 4268 in
278 4213 498 4287 disquisitionem
515 4220 683 4277 vocarentur,
695 4222 723 4267 et
740 4215 862 4269 iussitire
880 4219 1014 4269 rationem
1029 4216 1125 4280 habui,
1142 4218 1310 4270 sententiam
