2978 4678
241 238 326 355 398
528 282 531 297 ·
621 224 933 330 tunorsrrosss

239 424 331 485 etiam
349 414 571 502 muglstsntibus
588 416 725 499 imperat
747 417 852 481 Gioero
867 437 896 483 ο.
912 417 951 480 de
965 415 1047 479 ou:
1072 416 1164 500 leges
1184 432 1252 482 suut
1271 424 1321 485 in-

238 519 359 579 ventae,
384 524 460 588 quoe
475 523 539 564 esuri
560 501 692 561 omnbus
717 523 780 562 una
793 513 881 584 atque
899 501 1004 563 eadem
1032 521 1103 563 uooe
1125 503 1322 585 loquerentur.

239 586 318 651 Cum
336 586 494 662 omnibus,
509 582 626 666 inquit,
648 603 719 667 ergo
739 586 830 645 etiem
852 604 923 645 cum
943 584 1093 661 iudicibus
1111 595 1142 645 et
1161 588 1321 669 magistro·

241 671 330 737 tibus.
353 690 479 734 roursu.
1045 732 1050 743 ⁴

318 755 397 834 Pug.
412 751 466 834 69,
480 750 526 814 15.
550 747 774 835 quibuscum
807 751 977 831 agebam.
997 749 1320 833 Mngnnsdomestions

236 847 266 899 et
284 837 510 907 Protostrstor‚
532 843 568 893 nt
585 842 671 913 petet
691 854 726 895 ex
747 834 962 914 superioribus.
984 853 1115 900 norrun.

319 918 399 1000 Pag.
423 915 475 1061 63,
497 936 550 976 21.
572 919 643 985 ταῖς
682 907 819 988 ἁπάσαις
862 908 976 978 ἑάλων.
1013 916 1149 979 Subaudi
1188 912 1319 1000 ψήφοις.

236 1002 305 1067 Ηοο
324 1000 435 1083 loquen
459 1001 466 1014 ‘
487 1018 582 1081 genus
601 997 841 1080 frequentat‚de
861 1020 923 1060 uno
944 999 1083 1080 loquens,
1104 1012 1139 1061 ut
1158 1001 1320 1082 perfeetum

240 1084 479 1147 damnationem
492 1084 715 1163 sententiaeque
734 1080 953 1162 plenitudinem
972 1082 1152 1165 ἐμφαντικοῖς
1165 1086 1318 1165 exprimet.

235 1168 317 1230 Nem
337 1188 416 1229 unus
436 1187 499 1227 nou
518 1175 617 1249 potest
636 1165 694 1225 uisi
717 1185 780 1224 nno
800 1164 936 1244 calculo,
949 1186 1010 1225 una
1030 1168 1197 1240 sententia,
1219 1189 1320 1231 unove

236 1250 380 1334 suffragio
403 1249 548 1312 damnare
567 1259 620 1308 out
641 1247 772 1329 probare
784 1247 913 1330 aliquid.
951 1247 1010 1309 Sed
1030 1259 1127 1329 potest
1146 1250 1205 1310 hoc
1222 1250 1320 1313 facere

237 1356 275 1395 eo
300 1356 390 1395 sensu
410 1345 501 1415 etque
521 1330 633 1395 iudicio
657 1342 687 1392 et
707 1329 882 1413 voluntate,
912 1343 948 1393 ut
968 1352 1048 1407 unus
1066 1334 1162 1394 instur
1181 1336 1318 1397 omnium

236 1416 384 1483 rideatur.
405 1436 536 1481 ronrsn.

241 1565 245 1573 .
316 1498 512 1583 Pag.69‚2r.
531 1500 573 1559 iu
599 1519 713 1585 quam
741 1496 947 1563 damnatus
973 1521 1061 1566 sum.
1092 1496 1184 1561 Forte
1209 1502 1244 1562 iu

232 1582 372 1661 consedi,
400 1595 436 1645 ut
462 1602 519 1666 pro
547 1574 777 1661 κατεδικάσθην
798 1579 809 1642 l
846 1602 931 1642 emus
953 1581 1119 1663 καθήσθην
1143 1604 1162 1644 e
1184 1584 1284 1660 ναθεζ
1303 1620 1318 1634 -

233 1688 303 1745 μαι.
325 1666 400 1728 Nom
420 1664 529 1727 menda
548 1660 717 1726 istiusmodi
737 1662 811 1725 huie
845 1665 956 1725 'brario
978 1665 1118 1725 inusitata
1140 1687 1201 1727 non
1224 1679 1318 1747 sunt,

235 1760 272 1810 ut
292 1752 362 1811 totis
379 1750 524 1809 nimirum
544 1747 684 1830 syllabis,
706 1767 769 1808 non
784 1757 904 1809 tantum
922 1746 1030 1811 litteris
1042 1748 1229 1835 simplicibus
1246 1772 1318 1833 poo-

234 1843 292 1899 oet.
313 1853 443 1895 roursn.
464 1824 674 1911 κατεδικάσθη
697 1831 743 1889 Μ.

316 1917 394 1998 Peg.
410 1935 460 1998 po,
477 1934 508 1997 9.
527 1911 583 1973 καί
600 1911 638 1974 σὲ
655 1909 713 1974 καί
732 1913 824 1991 post.
844 1912 890 1976 M.

268 2073 276 2099 o
314 1999 393 2080 Peg.
404 2020 454 2081 70,
468 1995 517 2060 16.
536 1995 765 2075 ἐπενεχθέντων
774 1994 823 2085 M.
832 1993 973 2079 idemque
990 1996 1044 2060 liu.
1065 2019 1111 2083 17.
1132 2009 1316 2081 recteupoo-

237 2104 275 2146 su
294 2100 393 2143 αντο.

277 2079 392 2247 ²5Pug.
413 2185 464 2249 70,
486 2183 536 2224 no.
557 2159 693 2262 νομίζων
713 2161 758 2228 Μ.

314 2247 392 2330 Pag.
415 2268 466 2331 po,
494 2267 545 2307 nr.
565 2264 602 2306 το
626 2238 799 2322 σεβάσμιον
831 2241 932 2308 αὐτοῦ
952 2235 1045 2325 αἷμα.
1084 2246 1152 2309 Mos
1173 2247 1316 2330 loquendi

232 2333 413 2418 spectandus
433 2340 496 2402 est,
520 2345 582 2390 non
597 2329 691 2391 verbo
704 2326 840 2410 singula,
866 2338 919 2388 sut
937 2341 1018 2390 certe
1038 2351 1100 2391 nnn
1119 2333 1183 2393 suis
1202 2342 1233 2392 et
1247 2353 1315 2414 pro·

235 2416 312 2499 priis
335 2413 506 2497 significatis
528 2432 645 2494 semper
664 2412 858 2495 exprimendo
876 2411 1001 2494 singula.
1022 2410 1091 2473 Non
1112 2412 1243 2476 solemus
1262 2435 1318 2477 nos

233 2501 356 2574 dicere,
380 2494 609 2573 venerandum,
631 2494 679 2556 vel
699 2505 862 2578 augustum
883 2496 1080 2578 sanguinem,
1098 2516 1167 2559 curn
1187 2498 1225 2559 de
1246 2500 1318 2559 lesu

235 2580 349 2646 Christi
371 2579 538 2640 Servatoris
558 2580 654 2639 nostri
677 2580 822 2661 sunguine
842 2577 1015 2659 loquimur,
1028 2600 1210 2662 quamquem
1230 2602 1319 2642 reve·

234 2686 270 2727 ra
289 2662 481 2724 venerandus
501 2672 565 2740 est,
578 2671 614 2722 ut
630 2660 707 2723 nihil
726 2683 841 2745 suprs3
865 2660 918 2723 sed
935 2662 1098 2744 pretiosum
1115 2664 1317 2747 'appellamuu

232 2742 316 2833 quod
338 2745 554 2828 significantius
577 2744 646 2825 est',
683 2748 755 2829 quis
775 2757 874 2807 totum
894 2746 1042 2807 mundum
1061 2750 1147 2828 quasi
1165 2748 1317 2829 persoluto

233 2833 331 2915 pretio
363 2839 394 2891 et
423 2850 459 2891 eo
477 2832 634 2891 ⁴immenso
666 2828 817 2891 ediaboli
837 2833 979 2891 servitute
1003 2831 1119 2892 exemit.
1163 2833 1259 2917 Quem
1282 2834 1318 2894 iu
1428 2855 1432 2861 ·

235 2914 339 2978 uusudi
358 2914 490 2998 pretium
507 2935 566 2975 rex
582 2911 689 2996 effudit
700 2913 831 2997 gentium
849 2913 930 2973 canit
949 2912 1082 2980 ecelesia.
1104 2934 1238 2981 rossus.

315 2995 495 3081 Pupput.
519 2989 621 3057 πάντα
636 2995 714 3081 cippis
734 2991 790 3056 uni
809 2989 954 3073 πάσχειν.
973 2997 1099 3061 Duobus
1111 2999 1213 3060 verbis
1222 2999 1318 3064 multa

124 3140 128 3148 ,
236 3084 465 3165 exprimuntur,
486 3080 588 3140 omnin
609 3098 718 3161 nempe
737 3077 860 3157 officia,
891 3099 969 3161 quae
986 3083 1111 3178 amicus·
1125 3080 1261 3164 polliceri
1282 3106 1318 3146 ne

232 3176 388 3248 proestare
409 3173 518 3244 quest,
535 3173 565 3225 et
584 3162 694 3246 quibus
716 3162 846 3243 amplius
868 3160 1038 3225 desiderare
1060 3185 1221 3247 quisquam
1242 3167 1319 3229 nihil

237 3250 338 3331 possit.
381 3245 506 3388 Saepius
535 3245 592 3306 hee
615 3246 712 3309 forma
745 3244 889 3329 loquendi
907 3266 996 3308 usum
1016 3249 1141 3331 reperio.
1163 3268 1293 3314 ronrsrr.

320 3330 399 3411 Pag.
416 3350 432 3411 7
459 3328 509 3406 ,5.
530 3323 783 3405 ναναψεύσωμαι
804 3331 849 3394 Μ.

323 3411 401 3495 Peg.
415 3411 466 3493 73,
479 3430 530 3470 αν.
550 3404 652 3470 αὐτόν
666 3412 709 3470 Μ.
733 3432 789 3492 pro
810 3402 920 3473 asisii.

322 3491 462 3578 Puppi,
478 3513 508 3576 7.
530 3493 569 3553 iu
589 3493 751 3555 catulos.
792 3494 893 3555 Omne
923 3494 1036 3558 animal
1063 3494 1164 3582 'diligit
1190 3498 1248 3559 sssti
1275 3499 1317 3560 si·

239 3578 322 3657 mile,
346 3589 378 3640 et
397 3579 479 3638 oanis
498 3578 586 3654 oeni,
604 3574 660 3637 bos
679 3575 776 3653 bovi,
796 3579 896 3639 asinus
916 3581 1000 3641 esino
1020 3580 1241 3663 pulcherrimus
1263 3594 1317 3644 est.

238 3665 300 3726 Sed
330 3663 458 3724 maxime
489 3659 730 3744 unumquodque
764 3658 897 3740 animal,
918 3668 1111 3745 qtrautumvis
1130 3668 1318 3727 immanens

238 3749 350 3825 serum,
369 3744 469 3827 diligit
488 3743 602 3805 catulos
624 3765 717 3824 suos,
737 3753 771 3803 ut
793 3766 849 3827 pro
869 3746 905 3807 iis
926 3749 1018 3809 etism
1039 3760 1228 3832 propugnet,
1250 3760 1318 3811 tan-

237 3842 305 3894 tum
327 3829 427 3905 abest,
448 3838 484 3887 ut
504 3827 541 3888 iis
560 3838 680 3889 noeeet.
718 3826 897 3909 Appositum
916 3838 961 3891 e'st
983 3831 1061 3893 illud
1072 3834 1226 3895 Ciceronis
1237 3854 1267 3898 2.
1281 3831 1319 3893 de

240 3915 348 3977 orsus
381 3910 522 3990 Siferm
540 3924 646 3994 paetus
669 3931 733 3971 suos
760 3912 908 3994 utigant,
942 3936 1003 4014 quo
1028 3937 1082 3977 uos
1105 3918 1230 3979 cautase
1250 3937 1322 3997 erga

239 3998 347 4061 liberos
355 4007 467 4057 nosnos
481 4015 541 4055 esse
559 3993 696 4057 debemus
708 3986 1019 4059 iTruouleutissrmoe
1036 3999 1117 4062 ferse
1134 4010 1204 4061 sunt
1219 4018 1322 4076 ursae,
1416 4060 1422 4069 ,

240 4103 319 4166 qnae
345 4081 459 4141 mirum
484 4087 634 4159 qnantum
668 4080 763 4161 ruptis
788 4079 895 4142 catulis
926 4081 1086 4165 saeviunt„
1119 4080 1261 4162 lenense,
1281 4083 1324 4143 ti·

188 4247 193 4251 .
242 4187 328 4250 gres,
348 4162 449 4247 lupae.
464 4180 591 4230 νοντα.
