3020 4684
256 248 341 333 288
649 269 926 339 mursensem

106 449 317 521 Α,(;,.35ρνων
337 424 539 493 (liciniorum
557 426 732 510 γενομένων
753 427 927 504 ἐνταυθοῖ,
966 424 1043 490 ericii
1071 424 1119 503 τίς
1137 433 1249 512 χείρας
1268 434 1340 495 τολ-

254 525 411 615 μήσουσιν
431 528 512 593 ἰέναι
536 524 566 589 οῖ
586 530 755 607 πολέμιαι,
786 524 856 588 ἀλλ’
870 520 1072 609 οἰχήσονται,
1102 530 1142 612 τῇ
1162 520 1239 609 ὄψει
1255 527 1338 616 μόνη

253 629 513 710 καταπλαγέντας,
534 628 591 689 κατ’
611 622 768 706 ἀναιμωτὶ
786 621 841 709 τὴν
863 626 950 708 νίκην
969 621 1214 709 παραδώσουσιν
1233 625 1341 709 riuis?

251 730 352 793 ταῦτα
373 722 458 806 εἰπε,
482 727 537 790 κατ’
554 725 668 788 αδτίκα
698 721 778 807 πρός
807 746 842 788 τε
861 720 917 789 τόν
945 721 1017 790 υἱόν
1035 724 1092 790 καί
1118 724 1195 802 τοῦς
1223 717 1340 802 ἀλλους

252 829 298 903 εἰς
317 821 491 904 Βυζάντιον
520 825 603 889 ἰέναι
633 819 688 907 την
720 820 873 907 ταχίστην
905 821 1079 909 γράμματα
1104 821 1245 906 ἔπεμπεν
1275 822 1367 906 inoff

250 934 322 1002 ταῖς
342 917 455 1006 όψεσιν
475 921 629 989 ἀπάντων.
670 916 791 1006 ἔγραφε
812 923 848 986 δὲ
868 919 1007 998 καὶτοῖς
1026 920 1108 987 κατά
1129 920 1189 1008 τήν
1210 921 1340 1011 Θρᾴκην

251 1023 384 1110 ἡγεμόσι
403 1026 466 1089 τάν
488 1018 679 1106 βαρβάρων,
708 1019 788 1085 κατά
808 1019 905 1105 τάχος
928 1022 983 1085 κατ’
1001 1020 1120 1098 αῦτσδς
1143 1016 1231 1105 ἥκειν
1253 1046 1337 1103 συμ-

140 1149 172 1205 v,
190 1150 239 1219 ⁶9¹
251 1125 465 1209 μαχησοντας.
507 1118 608 1186 πάντα
629 1122 665 1185 δὲ
682 1123 784 1187 ταῦτα
801 1121 864 1185 τάν
887 1117 1040 1185 συνόντων
1055 1125 1146 1185 ἕνεκα
1162 1120 1339 1185 ἐπλάττετο.

254 1222 352 1299 αῦτός
369 1220 432 1305 γάρ
454 1212 516 1305 ἤδη
537 1221 775 1303 παρεσκεύαστο
795 1222 859 1285 τῶν
881 1215 1075 1305 πραγμάτων
1094 1220 1274 1303 ἀποχωρεῖν
1285 1221 1341 1285 καί

252 1319 451 1388 καταλείπειν
471 1316 526 1405 την
542 1316 656 1405 ἀρχήν.
696 1321 799 1383 καίτοι
819 1340 855 1401 γε
875 1320 906 1384 εἰ
918 1316 974 1384 καί
989 1318 1028 1383 τά
1048 1316 1189 1401 μάλιστα
1210 1312 1339 1403 άρμητσ
1353 1350 1390 1392 10

224 1417 488 1488 nascuncuntur
506 1422 563 1502 τῆς
590 1412 692 1501 ἀρχῆς
716 1419 855 1494 καὶτοῖς
882 1418 1026 1485 ἐπιοῦσιν
1053 1420 1340 1483 ἀντικαθίστασθαι

252 1517 334 1605 πρός
351 1518 470 1603 μάχην,
493 1519 562 1582 τάδ’
583 1510 685 1597 οὕτως
711 1510 751 1581 ἀν
771 1513 930 1601 ἐχρήσατο
950 1519 990 1605 τῇ
1014 1516 1147 1597 δυνάμει
1172 1518 1239 1581 τάν
1257 1520 1341 1601 βαρ-

252 1615 369 1703 βάρων.
412 1613 570 1705 Φιλόθεσς
589 1613 653 1700 γάρ
674 1612 693 1679 ό
716 1616 911 1701 πατριάρχης
930 1613 1012 1698 μετά
1027 1613 1064 1680 τό
1084 1618 1145 1680 τῶν
1164 1612 1340 1700 ἱεράνόπι-

251 1722 347 1804 βῆναι
370 1716 493 1803 θρόνων
525 1712 711 1801 προσελθων
741 1715 798 1780 καί
817 1715 999 1799 διαλεχθείς
1022 1712 1170 1800 περὶτοῦ
1190 1712 1339 1799 πράγμα-

250 1839 323 1899 τος,
348 1816 392 1892 ὥς
416 1820 472 1880 σῦκ
500 1808 540 1880 ἀν
561 1816 689 1899 ἀρέσκοι
708 1818 775 1902 θεῷ
795 1823 862 1891 τοῖς
882 1809 945 1879 ἀπό
968 1816 1114 1900 Χριστοῦ
1134 1815 1340 1894 καλουμένας
1352 1832 1391 1896 ,5

136 1970 139 1977 .
250 1914 308 2001 τὴν
327 1913 528 2001 βαρβαρικὴν
556 1912 683 1997 ἀπάγειν
714 1910 852 1995 δύναμιν
882 1912 938 1978 καί
957 1915 1161 2001 διαφθείρειν
1189 1908 1264 1987 τοῦς
1282 1913 1352 1976 orl-¹

252 2018 306 2080 δὲν
324 2012 510 2099 ἠδικηκότας
529 2011 688 2099 γεωργοῦς
721 2036 809 2088 τινας
830 2004 851 2098 ἢ
871 2011 928 2077 καί
947 2011 1142 2096 στρατιώτας
1166 2014 1340 2098 ἀγομένους

250 2112 315 2179 sisci
336 2116 381 2200 τῷ
403 2114 495 2198 σφῦν
517 2107 654 2201 δεσπότῃ
682 2112 739 2176 καί
763 2114 870 2176 πᾶσαν
893 2105 1030 2196 ἀνάγκην
1059 2106 1191 2195 ἔχοντας
1224 2110 1264 2176 τά
1287 2133 1340 2174 κε-

251 2209 408 2294 λευόμενα
428 2216 544 2292 ποιεῖν,
575 2211 637 2275 τάν
667 2208 860 2274 ἀδικούντων
878 2209 1019 2291 μάλιστα
1041 2211 1076 2276 ἐν
1096 2211 1256 2298 ἀσφαλείᾳ
1282 2204 1337 2274 όν-

250 2335 322 2383 των.
362 2311 417 2375 καί
433 2309 494 2394 γάρ
524 2306 581 2375 καί
601 2306 678 2375 κατά
703 2304 759 2373 τόν
786 2311 845 2373 τοῦ
868 2310 1028 2394 ἐμφυλίου
1052 2312 1192 2391 πολέμου
1219 2306 1339 2395 χρόνον
1349 2345 1391 2386 20

250 2413 316 2476 τῶν
334 2405 526 2476 ἐλαυνόντων
560 2411 615 2474 κατ’
643 2407 921 2493 συκοφαντούντων
950 2400 1120 2491 σῦδενόςῆ
1143 2402 1257 2490 όλίγων
1277 2411 1334 2491 τῆς

223 2509 431 2595 εμσχθηρίας
451 2507 541 2585 δίκας
565 2505 696 2592 δόντων,
726 2507 766 2573 τά
787 2508 891 2591 μυρία
917 2505 1024 2593 πλῆθη
1043 2510 1108 2571 τῶν
1140 2506 1234 2571 οῦδὲν
1256 2508 1339 2572 εἰσε·

252 2612 446 2692 νηνογμέναν
466 2608 510 2683 εἰς
529 2603 586 2672 τόν
614 2594 748 2688 πόλεμον
777 2606 927 2673 ἀπώλετο·
968 2608 1024 2672 καί
1054 2600 1188 2691 ῦστερον
1217 2603 1333 2691 Κράλη

253 2707 434 2783 ἀδικοῦντος
452 2705 509 2771 καί
531 2706 752 2790 ἐπιορκοῦντας
776 2703 831 2770 καί
852 2709 908 2790 τῆς
938 2704 1042 2792 ἀρχῆς
1063 2698 1123 2769 σῦκ
1156 2700 1260 2789 ὀλίγον
1280 2706 1338 2786 μέ-

320 2859 363 2896 oo.
382 2842 433 2893 καλ
448 2848 513 2894 ante
533 2828 604 2894 κατά
626 2857 677 2894 om·
696 2844 722 2896 P.

254 2978 323 3034 qnos
340 2977 390 3032 per
406 2962 513 3016 litteris
530 2976 672 3015 accersam.
708 2959 765 3032 Qui
782 2959 832 3013 ubi
851 2976 945 3014 omnes
962 2960 1100 3024 affuerint,
1117 2976 1168 3015 nec
1184 2960 1222 3015 erl
1239 2976 1337 3015 monus

275 3032 368 3084 uidem
385 3034 480 3086 venire
499 3034 648 3095 audentes,
668 3031 718 3085 sed
735 3033 868 3098 attoniti,
901 3034 1072 3085 incruentum
1091 3032 1171 3086 nobis
1198 3032 1341 3085 victorium

254 3051 388 3156 innunt?
424 3103 473 3156 His
491 3102 581 3165 dictis,
597 3104 703 3154 litter-rs
721 3106 843 3154 actutum
862 3100 897 3153 ad
916 3103 1002 3157 filium
1022 3112 1050 3155 et
1064 3103 1132 3156 alios
1150 3106 1180 3156 in
1194 3110 1342 3171 conspectu

255 3173 381 3225 omnium
398 3172 461 3236 det,
490 3172 591 3243 quibus
616 3173 774 3239 Byzantium
800 3180 956 3229 evocantur.
992 3172 1096 3228 Scribit
1126 3174 1193 3226 item
1223 3172 1341 3226 ducibui

255 3243 435 3295 barbarorum
453 3257 502 3311 per
514 3242 667 3306 ’λ’λετκοίοια,
682 3249 714 3293 ut
726 3249 755 3294 et
771 3243 826 3311 ipsi
844 3242 903 3297 sine
921 3259 997 3296 moro
1010 3245 1114 3297 auxilio
1131 3244 1252 3298 venirat.
1290 3244 1344 3296 ee-

255 3320 345 3367 terum
366 3311 541 3365 haecomnia
559 3319 670 3382 propter
687 3312 850 3365 domesticos
870 3313 1060 3384 fingebantur:
1084 3318 1140 3369 ism
1167 3317 1241 3367 enim
1260 3329 1343 3383 pars·

255 3389 398 3448 inseret,
416 3399 445 3436 se
465 3385 581 3452 imperio
599 3381 726 3435 abdicere
745 3390 773 3433 et
789 3386 916 3437 nuntium
943 3383 1053 3437 eedueis
1082 3386 1198 3438 mittere
1237 3384 1344 3454 Quam·

257 3469 342 3523 quem
360 3454 383 3505 si
401 3454 518 3505 maxime
534 3452 564 3505 id
582 3450 636 3506 sibi
656 3452 789 3507 voluisset
813 3470 932 3508 reserere
954 3462 983 3507 et
1005 3458 1034 3510 vi
1059 3456 1165 3509 hostem
1191 3455 1344 3524 repellere,

256 3538 293 3576 ne
310 3524 349 3576 sic
367 3523 479 3594 quidem
497 3540 561 3576 usus
579 3531 652 3579 esset
669 3523 847 3578 barbarorum
865 3525 1006 3584 subsidiis.
1041 3525 1284 3581 Philotheusenim
1293 3540 1346 3593 ps·

258 3594 392 3657 triorche,
418 3595 468 3647 ubi
486 3593 580 3648 sedem
596 3610 698 3648 sacram
717 3595 885 3658 conscendit,
908 3595 977 3665 enm:
998 3611 1031 3649 eo
1055 3613 1137 3667 super
1162 3595 1214 3649 hoc
1231 3596 1344 3663 negotio

260 3666 397 3718 disserens
414 3665 575 3728 affirmarit,
598 3668 662 3719 nonl
679 3664 786 3734 placere
802 3668 880 3728 Deo,
905 3667 1034 3719 barbaros
1059 3676 1151 3721 contra
1173 3665 1346 3718 Christianos

260 3734 357 3788 induci
378 3743 406 3788 et
426 3737 556 3805 agricolus
575 3736 717 3806 quosdam,
737 3740 888 3791 autetiam
905 3738 1008 3789 milites
1027 3738 1188 3791 innocentes
1209 3735 1348 3798 interfici,

282 3807 365 3875 uippe
395 3805 541 3859 adomino
567 3824 617 3859 sun
644 3805 753 3861 adactos
778 3814 808 3858 et
833 3806 943 3877 penitus
971 3822 1082 3863 necesse
1111 3802 1244 3860 hebentes
1272 3807 1347 3858 iussa

260 3824 404 3940 ίοοοεκοια,
423 3894 484 3929 cum
503 3877 551 3947 qui
569 3878 715 3940 laeserint,
740 3877 911 3930 securissime
930 3878 1032 3931 virent
1068 3880 1174 3932 Etenim
1205 3886 1234 3930 et
1256 3878 1347 3929 civilis

260 3944 331 3999 belli
357 3953 480 4016 tempore
506 3949 709 4017 impellentium
746 3955 775 3999 et
807 3949 1033 4000 calumniantium
1062 3951 1141 4001 nullo
1179 3955 1228 4001 sut
1250 3947 1346 4016 pnueis

261 4016 305 4070 sui
325 4017 434 4070 sceleris
455 4034 557 4088 poenas
579 4019 817 4088 persolventibus,
834 4018 1043 4072 innumerabilis
1061 4036 1155 4074 eornm
1182 4016 1345 4080 multitudo¹

281 4089 310 4139 ui
328 4087 364 4140 ed
381 4086 486 4140 bellum
504 4088 675 4142 conflandum
696 4089 769 4143 nihil
786 4089 973 4150 contulerant,
1000 4090 1101 4158 perilt3
1119 4096 1147 4142 et
1169 4097 1266 4158 posteo
1286 4104 1348 4141 cum

190 4185 196 4200 ·
216 4192 220 4199 ·
261 4106 356 4214 graleu
373 4158 491 4214 iniurius
508 4159 587 4216 daret
602 4175 633 4215 cc
652 4162 789 4231 peieraret
809 4158 889 4214 etde
908 4161 1023 4230 imperio
1043 4178 1099 4214 non
1116 4166 1347 4231 perrumpentem
