2978 4678
207 293 296 398 tol
594 309 907 378 mortuoram

208 476 311 535 rectem
352 468 456 550 cesa,
476 465 529 553 qui
542 466 576 527 in
594 465 740 546 legatione
762 476 886 524 asor-tm
913 458 1055 536 etiams,
1081 458 1127 521 od
1144 460 1287 520 umerum

209 560 289 617 vitae
364 553 487 612 mutum
526 551 587 609 sene
613 549 675 608 ullo
704 548 807 609 morus
837 558 914 605 uoetu
939 544 1068 628 profecti
1090 557 1173 603 saut.-
1216 541 1287 602 Ser-

209 641 276 700 vius
327 638 451 720 salpistas
474 654 540 693 eum
563 631 668 716 alipius
696 628 895 713 perveniendi
919 628 964 687 ad
985 627 1032 689 M.
1054 623 1216 686 Antonium
1237 645 1288 707 spe

206 723 354 807 proficua
378 731 445 789 est,
478 716 563 775 nulla
591 712 766 773 revertendi.
809 713 871 794 Qui
892 730 958 770 cum
985 712 1028 771 ito
1050 708 1169 791 efficta
1199 721 1286 775 esset,

211 819 268 883 ut,
299 804 327 861 si
353 801 398 862 ad
422 819 546 880 punem
570 796 768 856 valetudinem
798 795 883 854 labor
917 794 997 853 ustae
1021 794 1202 863 accessisset,
1234 792 1291 849 sili

212 890 273 971 ipse
294 883 463 970 diffideret,
483 902 543 942 non
567 880 737 953 mcusavit,
766 878 919 962 prumano
946 875 997 935 uel
1019 878 1052 936 ia
1075 880 1212 935 extremo
1225 873 1290 1014 spi·

213 972 283 1045 rim,
293 969 322 1026 si
341 987 432 1049 qaam
456 985 542 1047 opem
566 964 613 1022 rei
627 961 766 1046 publicae
770 962 861 1040 fiere
876 970 988 1043 posset,
1008 981 1050 1019 ex
1086 958 1206 1019 riretur.
1244 969 1290 1015 ta·

212 1074 269 1137 que
287 1072 347 1111 non
359 1046 444 1108 illan
456 1048 503 1106 uis
521 1046 636 1118 meme,
661 1065 721 1105 reon
736 1044 831 1117 niues,
844 1063 904 1103 reon
917 1043 999 1121 longi
1084 1041 1211 1118 uisceris,
1232 1060 1291 1098 non

213 1135 356 1217 asperitas
380 1132 510 1204 varens,
542 1149 602 1188 non
627 1127 743 1188 morbus
769 1128 973 1207 sagmeescem
996 1123 1182 1184 retardavit:
1210 1142 1291 1181 atm-

214 1239 271 1302 pae
298 1218 362 1275 ιἰυυ
390 1214 434 1272 ad
459 1231 643 1292 congressum
674 1210 907 1293 colloquiumque
927 1208 989 1268 eius
1014 1207 1213 1291 peruenisset,
1250 1203 1294 1263 od

215 1311 381 1384 quemerat
398 1297 513 1368 messus,
542 1295 575 1354 ia
602 1295 669 1377 ipsa
693 1304 815 1367 aocet
841 1289 1030 1353 nieditatione
1051 1287 1178 1352 stauai
1193 1307 1293 1349 υυυιε-

215 1386 258 1444 ris
275 1383 322 1441 sui
340 1378 466 1440 excessit
480 1399 497 1436 e
510 1378 575 1438 vita
600 1386 657 1440 eto.
689 1395 822 1439 rossan.

299 1462 378 1543 Pag.
400 1482 452 1544 97,
478 1460 509 1520 ὅ.
534 1452 614 1518 κατὰ
636 1451 671 1519 τὸ
694 1452 871 1532 Βυζάυτιου
892 1456 936 1521 Μ.

299 1546 477 1626 Pag.97,7.
501 1565 518 1602 e
540 1541 640 1601 malo
660 1541 751 1600 boni
768 1540 978 1624 quippiam
995 1538 1201 1598 exsistere.
1220 1534 1296 1596 Sen-

216 1630 311 1691 tentia
332 1637 377 1701 est¹
401 1625 476 1685 haec
496 1624 637 1686 fortasse:
661 1643 730 1683 cum
751 1623 793 1682 ita
811 1621 988 1683 tumultuari
1001 1620 1297 1701 miscerequeomnia

216 1710 331 1773 malum
351 1711 401 1781 sit,
423 1728 484 1768 non
506 1728 592 1789 posse
610 1706 681 1766 inde
701 1707 856 1788 quippiam
871 1706 943 1766 boni
963 1705 1144 1786 exspectari:
1169 1724 1233 1771 seu,
1255 1703 1299 1762 ni·

218 1794 264 1855 bil
284 1793 487 1875 prolaturum,
511 1811 580 1852 cum
603 1789 683 1850 mala
702 1810 765 1848 non
785 1788 973 1866 derthona,
995 1789 1053 1848 nisi
1076 1808 1129 1868 per
1148 1785 1296 1860 accidens,

218 1889 254 1937 ut
273 1877 439 1958 loquuntur
458 1872 640 1955 philosophi.
682 1872 785 1953 Atque
808 1873 850 1933 ita
869 1873 977 1933 merito
999 1892 1031 1932 se
1050 1869 1116 1930 illos
1135 1869 1299 1951 repreben-

220 1961 302 2021 dere.
346 1956 427 2018 Mala
472 1956 573 2016 uidem
594 1965 674 2015 certe
701 1955 837 2016 facienda
863 1976 925 2016 non
953 1965 1049 2031 sunt,
1071 1964 1106 2013 ut
1131 1952 1200 2013 inde
1218 1952 1297 2012 bona

221 2044 374 2104 eveniant.
466 2050 549 2100 ectus
569 2040 650 2100 enim
670 2058 706 2099 ex
734 2058 825 2100 causa
843 2036 924 2099 mala
943 2035 1149 2100 commendari
1169 2055 1228 2097 non
1247 2054 1298 2097 so·

222 2124 273 2192 let.
305 2144 433 2187 ronnas.
964 2162 970 2169 «

306 2209 383 2289 Peg.
404 2227 458 2290 97,
484 2227 534 2267 no.
560 2188 676 2272 laad.
696 2207 739 2269 M.
761 2217 830 2267 ante
850 2205 992 2284 βασιλεῦ.

307 2291 385 2372 fag.
406 2291 458 2372 98,
477 2289 509 2355 6.
529 2282 587 2349 ἐὰν
607 2288 643 2350 δὲ
662 2284 707 2368 μὴ
727 2289 773 2350 Μ.
796 2300 826 2350 et
846 2288 928 2372 supi.
949 2290 1002 2358 lin.
1017 2286 1163 2370 βούλητε.

308 2371 386 2454 Pag.
408 2372 460 2453 98,
489 2370 536 2432 15.
559 2360 640 2431 tiore
662 2375 707 2431 Μ.
729 2393 784 2451 pro
805 2370 849 2443 εἰς
870 2368 916 2432 τό.

311 2456 493 2536 Ρας.99,’9.
516 2454 632 2513 υηίυε
652 2456 755 2514 enim
774 2455 936 2514 claritas
957 2455 1125 2515 alterius
1143 2453 1302 2513 eversio.

228 2536 320 2617 Quod
331 2540 409 2596 senis
426 2538 590 2616 potentiam
604 2539 865 2609 etauctoritatem,
877 2536 971 2599 hostis
984 2540 1040 2616 tui,
1061 2537 1244 2611 videbamus,
1258 2557 1307 2595 sa·

227 2623 286 2683 luti
295 2632 366 2680 tuae
376 2618 565 2694 timebamus,
579 2629 609 2679 et
629 2618 741 2679 idcirco
761 2621 908 2680 dabamus
922 2620 1001 2682 illius
1011 2619 1058 2682 vel
1072 2618 1306 2700 constringendi,

227 2704 278 2765 vel
300 2701 469 2781 occidendi,
492 2701 540 2763 vel
564 2704 653 2762 etiam
672 2701 803 2784 fugiendi
822 2702 955 2764 consilia.
995 2704 1084 2763 Nunc
1105 2704 1236 2764 vicissim
1254 2713 1308 2761 tna

229 2787 365 2885 potentia
397 2785 430 2845 fit
452 2783 533 2845 illius
557 2784 763 2861 imbecillitas,
789 2796 842 2845 tua
872 2786 965 2867 gloria
994 2785 1073 2847 illius
1095 2796 1307 2865 contemptus:

229 2873 321 2954 idque
339 2871 404 2929 iure
426 2868 554 2949 optimo,
574 2869 722 2950 quiaipse
741 2880 771 2928 te
792 2868 830 2927 ad
849 2868 923 2929 haec
938 2868 1043 2950 coigit.
1077 2869 1163 2930 Hanc
1182 2870 1308 2929 istorum

232 2964 262 3015 et
281 2973 351 3014 mox
372 2951 560 3034 sequentium
580 2950 744 3013 verborum
755 2955 932 3013 sententiam
954 2973 1016 3013 esse
1035 2953 1146 3013 iudico.
1177 2970 1309 3016 rossan.

314 3036 546 3115 Pag.100,12.
575 3033 792 3107 nobilibus,
825 3033 1190 3099 ducibusomuc'bus.
1226 3034 1310 3110 Quos

233 3141 338 3202 supra,
353 3118 440 3178 initio
453 3118 559 3198 capitis
569 3108 644 3186 τους
662 3113 725 3176 τῶν
744 3109 910 3195 ταγμάτων
924 3111 1085 3198 ἡγεμόνας,
1107 3139 1159 3178 eos
1173 3118 1223 3177 hic
1236 3109 1311 3186 τούς

138 3264 142 3273 ,
232 3202 287 3283 τῆς
303 3193 476 3278 συγκλήτου
493 3198 632 3280 appellat.
651 3198 734 3259 Scire
747 3200 840 3281 igitur
854 3198 934 3276 licet,
948 3193 1115 3280 σύγκλητον
1133 3208 1164 3260 et
1180 3199 1312 3277 συγκλη-

233 3277 340 3353 τικούς
360 3279 420 3341 late
434 3283 573 3360 usurpari
592 3304 611 3342 a
629 3293 733 3342 nostro
754 3294 888 3360 auctore,
908 3292 944 3342 ut
963 3304 1053 3364 supra
1068 3282 1106 3343 ad
1120 3305 1154 3343 ca
1177 3293 1211 3342 ut
1221 3284 1312 3363 quin-

234 3377 303 3429 tum
314 3364 416 3424 docui.
434 3362 519 3423 Sicut
533 3358 563 3422 oi
578 3362 612 3424 ἒυ
625 3361 707 3423 τέλει
724 3364 806 3444 apud
827 3365 995 3427 cumidem
1008 3387 1096 3447 saepe
1116 3305 1209 3443 vallet,
1230 3363 1312 3445 quod

237 3444 392 3527 elyssslc,
414 3441 675 3525 ἐπιφανέστερα,
705 3434 841 3525 ἄριστοι.
881 3448 984 3525 Quare
1012 3470 1067 3509 noo
1093 3447 1169 3510 illud
1197 3468 1314 3529 semper

236 3532 346 3591 Latine
368 3538 413 3589 est
432 3536 578 3602 senatus,
602 3528 714 3588 civicus
733 3530 880 3610 inquam,
910 3552 966 3591 nec
992 3531 1050 3592 hoc
1082 3553 1198 3613 semper
1221 3530 1314 3591 habet

236 3613 392 3674 notionem
412 3611 622 3692 magistratus,
647 3608 700 3671 sed
716 3631 803 3694 saepe
824 3614 992 3694 primores,
1013 3636 1164 3697 proceres,
1183 3617 1316 3694 optima·

237 3705 297 3761 tes.
313 3705 344 3757 et
366 3692 553 3755 nobilitatem
583 3693 738 3778 significat.
780 3696 936 3757 interdum
956 3719 1026 3760 cum
1047 3698 1091 3784 τῷ
1117 3692 1316 3778 συγκλητικοὶ
1427 3716 1434 3725 ·

221 3776 447 3853 confunditur.
470 3796 603 3840 rossan.

321 3860 404 3943 Pag.
419 3880 488 3934 too,
504 3882 553 3943 ¹9·
576 3857 640 3921 et*
654 3858 898 3926 Caballario.
922 3862 1020 3925 Huius
1031 3861 1192 3924 caballarii
1206 3881 1317 3922 nomen

240 3945 356 4007 Graece
375 3944 418 4005 sic
448 3944 579 4024 positum
605 3953 669 4020 est,
698 3943 911 4024 φραμπὲριυτε
936 3941 1110 4024 separauit.
1155 3945 1236 4023 Quid
1259 3943 1318 4003 boc

240 4027 397 4090 mensuit
436 4024 484 4086 Tu
506 4026 642 4101 coniice,
674 4026 699 4085 si
729 4027 784 4090 vis.
825 4028 903 4088 Sunt
922 4039 953 4089 et
972 4028 1030 4089 alia
1051 4029 1173 4111 propria
1194 4027 1319 4087 mirabi-

241 4112 312 4172 liter
331 4119 472 4190 corrupta
486 4110 517 4168 in
540 4108 598 4169 hac
616 4107 761 4184 historia,
789 4110 870 4191 quod
894 4122 994 4172 tamen
1018 4132 1080 4172 non
1100 4133 1218 4194 semper
1245 4109 1320 4172 vitio

242 4193 437 4258 librariorum
457 4191 682 4256 attribuendum
702 4203 757 4259 est.
790 4214 918 4258 rostras.
961 4192 1157 4279 φαμπέριυτε
1178 4196 1221 4257 Μ.
