<?xml version="1.0" encoding="UTF-8"?>
<!DOCTYPE html PUBLIC "-//W3C//DTD XHTML 1.0 Transitional//EN"
    "http://www.w3.org/TR/xhtml1/DTD/xhtml1-transitional.dtd">
<html xmlns="http://www.w3.org/1999/xhtml" xml:lang="en" lang="en">
 <head>
  <title>
</title>
<meta http-equiv="Content-Type" content="text/html;charset=utf-8" />
  <meta name='ocr-system' content='tesseract 3.04.00' />
  <meta name='ocr-capabilities' content='ocr_page ocr_carea ocr_par ocr_line ocrx_word'/>
</head>
<body>
  <div class='ocr_page' id='page_1' title='image "./ioanniscantacuz03joangoog_0401.png"; bbox 0 0 2978 4678; ppageno 0'>
   <div class='ocr_carea' id='block_1_1' title="bbox 243 275 930 388">
    <p class='ocr_par' dir='ltr' id='par_1_1' title="bbox 243 275 930 388">
     <span class='ocr_line' id='line_1_1' title="bbox 243 275 930 388; baseline 0 -27"><span class='ocrx_word' id='word_1_1' title='bbox 243 275 328 388; x_wconf 79' lang='lat'>37⁰</span> <span class='ocrx_word' id='word_1_2' title='bbox 617 293 930 361; x_wconf 77' lang='lat' dir='ltr'>muorauoms</span> 
     </span>
    </p>
   </div>
   <div class='ocr_carea' id='block_1_2' title="bbox 241 436 1323 1044">
    <p class='ocr_par' dir='ltr' id='par_1_2' title="bbox 241 436 1323 1044">
     <span class='ocr_line' id='line_1_2' title="bbox 241 436 1323 613; baseline -0.008 -15"><span class='ocrx_word' id='word_1_3' title='bbox 241 448 384 598; x_wconf 52' lang='lat' dir='ltr'>‘illi</span> <span class='ocrx_word' id='word_1_4' title='bbox 400 436 1023 613; x_wconf 52' lang='lat' dir='ltr'>wallailli&#39;jffteiiidssiiiiii</span> <span class='ocrx_word' id='word_1_5' title='bbox 1041 444 1323 590; x_wconf 42' lang='lat' dir='ltr'>&amp;allilia</span> 
     </span>
     <span class='ocr_line' id='line_1_3' title="bbox 242 553 1321 698; baseline -0.008 -18"><span class='ocrx_word' id='word_1_6' title='bbox 242 556 467 680; x_wconf 49' lang='grc' dir='ltr'>ἓηπιιῗιῖὶοιενια</span> <span class='ocrx_word' id='word_1_7' title='bbox 487 629 635 698; x_wconf 75' lang='lat' dir='ltr'>temque</span> <span class='ocrx_word' id='word_1_8' title='bbox 655 553 729 679; x_wconf 48' lang='grc' dir='ltr'>ἔμω.</span> <span class='ocrx_word' id='word_1_9' title='bbox 771 616 848 676; x_wconf 86' lang='lat' dir='ltr'>Item</span> <span class='ocrx_word' id='word_1_10' title='bbox 868 604 995 696; x_wconf 73' lang='grc' dir='ltr'>εὔριπος</span> <span class='ocrx_word' id='word_1_11' title='bbox 1015 573 1157 688; x_wconf 56' lang='grc' dir='ltr'>διάνοιαι,</span> <span class='ocrx_word' id='word_1_12' title='bbox 1180 612 1321 673; x_wconf 82' lang='lat' dir='ltr'>humanis</span> 
     </span>
     <span class='ocr_line' id='line_1_4' title="bbox 243 694 1279 785; baseline -0.006 -23"><span class='ocrx_word' id='word_1_13' title='bbox 243 704 353 785; x_wconf 87' lang='lat' dir='ltr'>quippe</span> <span class='ocrx_word' id='word_1_14' title='bbox 373 697 603 782; x_wconf 79' lang='lat' dir='ltr'><strong>cogitationibus</strong></span> <span class='ocrx_word' id='word_1_15' title='bbox 624 696 700 757; x_wconf 86' lang='lat' dir='ltr'>nihil</span> <span class='ocrx_word' id='word_1_16' title='bbox 720 697 861 759; x_wconf 75' lang='lat' dir='ltr'>mobilius</span> <span class='ocrx_word' id='word_1_17' title='bbox 885 718 921 757; x_wconf 87' lang='lat' dir='ltr'>ac</span> <span class='ocrx_word' id='word_1_18' title='bbox 944 694 1128 758; x_wconf 76' lang='lat' dir='ltr'>veniabilius.</span> <span class='ocrx_word' id='word_1_19' title='bbox 1150 716 1279 757; x_wconf 79' lang='grc' dir='ltr'>ιοιιτιιι.</span> 
     </span>
     <span class='ocr_line' id='line_1_5' title="bbox 324 778 1323 864; baseline -0.008 -19"><span class='ocrx_word' id='word_1_20' title='bbox 324 783 404 864; x_wconf 74' lang='lat' dir='ltr'>Pag.</span> <span class='ocrx_word' id='word_1_21' title='bbox 430 803 476 853; x_wconf 88' lang='grc' dir='ltr'>ιο,</span> <span class='ocrx_word' id='word_1_22' title='bbox 495 801 527 863; x_wconf 83' lang='grc'>9.</span> <span class='ocrx_word' id='word_1_23' title='bbox 557 779 649 840; x_wconf 84' lang='lat' dir='ltr'>odio</span> <span class='ocrx_word' id='word_1_24' title='bbox 677 795 743 841; x_wconf 85' lang='lat' dir='ltr'>eut</span> <span class='ocrx_word' id='word_1_25' title='bbox 767 782 912 862; x_wconf 74' lang='lat' dir='ltr'>gratia.</span> <span class='ocrx_word' id='word_1_26' title='bbox 955 779 1138 840; x_wconf 77' lang='lat' dir='ltr'>Nonsolnm</span> <span class='ocrx_word' id='word_1_27' title='bbox 1154 778 1323 863; x_wconf 82' lang='lat' dir='ltr'>quidere·</span> 
     </span>
     <span class='ocr_line' id='line_1_6' title="bbox 242 860 1321 946; baseline -0.005 -19"><span class='ocrx_word' id='word_1_28' title='bbox 242 867 293 927; x_wconf 80' lang='lat' dir='ltr'>bns</span> <span class='ocrx_word' id='word_1_29' title='bbox 313 867 409 927; x_wconf 63' lang='lat' dir='ltr'>datm</span> <span class='ocrx_word' id='word_1_30' title='bbox 431 863 593 925; x_wconf 71' lang='lat' dir='ltr'>censebam</span> <span class='ocrx_word' id='word_1_31' title='bbox 611 867 657 937; x_wconf 82' lang='lat' dir='ltr'>(ut</span> <span class='ocrx_word' id='word_1_32' title='bbox 677 864 718 923; x_wconf 92' lang='lat' dir='ltr'>ait</span> <span class='ocrx_word' id='word_1_33' title='bbox 739 862 1001 946; x_wconf 84' lang='lat' dir='ltr'>apudSallustium</span> <span class='ocrx_word' id='word_1_34' title='bbox 1018 861 1146 939; x_wconf 84' lang='lat' dir='ltr'>Caesar),</span> <span class='ocrx_word' id='word_1_35' title='bbox 1163 860 1216 921; x_wconf 83' lang='lat' dir='ltr'>sed</span> <span class='ocrx_word' id='word_1_36' title='bbox 1230 863 1321 922; x_wconf 84' lang='lat' dir='ltr'>etiam</span> 
     </span>
     <span class='ocr_line' id='line_1_7' title="bbox 242 944 1319 1044; baseline -0.006 -34"><span class='ocrx_word' id='word_1_37' title='bbox 242 953 294 1034; x_wconf 82' lang='lat' dir='ltr'>qui</span> <span class='ocrx_word' id='word_1_38' title='bbox 314 960 584 1044; x_wconf 67' lang='lat' dir='ltr'>rerumgestarum</span> <span class='ocrx_word' id='word_1_39' title='bbox 608 949 782 1008; x_wconf 78' lang='lat' dir='ltr'>memoriam</span> <span class='ocrx_word' id='word_1_40' title='bbox 803 947 957 1031; x_wconf 76' lang='lat' dir='ltr'>prodsmt,</span> <span class='ocrx_word' id='word_1_41' title='bbox 985 965 1034 1008; x_wconf 86' lang='lat' dir='ltr'>eos</span> <span class='ocrx_word' id='word_1_42' title='bbox 1057 944 1096 1005; x_wconf 81' lang='lat' dir='ltr'>ab</span> <span class='ocrx_word' id='word_1_43' title='bbox 1123 944 1211 1021; x_wconf 85' lang='lat' dir='ltr'>odio,</span> <span class='ocrx_word' id='word_1_44' title='bbox 1238 948 1319 1005; x_wconf 75' lang='lat' dir='ltr'>ami·</span> 
     </span>
    </p>
   </div>
   <div class='ocr_carea' id='block_1_3' title="bbox 242 1024 1382 4275">
    <p class='ocr_par' dir='ltr' id='par_1_3' title="bbox 242 1024 1325 2197">
     <span class='ocr_line' id='line_1_8' title="bbox 242 1024 1322 1110; baseline -0.004 -20"><span class='ocrx_word' id='word_1_45' title='bbox 242 1035 323 1110; x_wconf 77' lang='lat' dir='ltr'>catio,</span> <span class='ocrx_word' id='word_1_46' title='bbox 341 1033 401 1104; x_wconf 81' lang='lat' dir='ltr'>ira,</span> <span class='ocrx_word' id='word_1_47' title='bbox 426 1027 628 1090; x_wconf 66' lang='lat' dir='ltr'>misericordia</span> <span class='ocrx_word' id='word_1_48' title='bbox 642 1050 751 1090; x_wconf 76' lang='lat' dir='ltr'>uacum</span> <span class='ocrx_word' id='word_1_49' title='bbox 768 1052 828 1090; x_wconf 81' lang='lat' dir='ltr'>esse</span> <span class='ocrx_word' id='word_1_50' title='bbox 846 1031 990 1092; x_wconf 78' lang='lat' dir='ltr'>convenit.</span> <span class='ocrx_word' id='word_1_51' title='bbox 1032 1024 1133 1089; x_wconf 78' lang='lat' dir='ltr'>Haud</span> <span class='ocrx_word' id='word_1_52' title='bbox 1140 1028 1241 1106; x_wconf 82' lang='lat' dir='ltr'>facile</span> <span class='ocrx_word' id='word_1_53' title='bbox 1252 1029 1322 1087; x_wconf 82' lang='lat' dir='ltr'>ani-</span> 
     </span>
     <span class='ocr_line' id='line_1_9' title="bbox 242 1110 1322 1194; baseline -0.006 -18"><span class='ocrx_word' id='word_1_54' title='bbox 242 1136 305 1177; x_wconf 84' lang='lat' dir='ltr'>mus</span> <span class='ocrx_word' id='word_1_55' title='bbox 323 1134 429 1174; x_wconf 81' lang='lat' dir='ltr'>verum</span> <span class='ocrx_word' id='word_1_56' title='bbox 449 1111 609 1193; x_wconf 80' lang='lat' dir='ltr'><em>providet,</em></span> <span class='ocrx_word' id='word_1_57' title='bbox 641 1113 692 1171; x_wconf 77' lang='lat' dir='ltr'>ubi</span> <span class='ocrx_word' id='word_1_58' title='bbox 722 1113 778 1172; x_wconf 80' lang='lat' dir='ltr'>itta</span> <span class='ocrx_word' id='word_1_59' title='bbox 799 1110 941 1194; x_wconf 74' lang='lat' dir='ltr'>efficiunt.</span> <span class='ocrx_word' id='word_1_60' title='bbox 992 1110 1120 1173; x_wconf 86' lang='lat' dir='ltr'>Notatus</span> <span class='ocrx_word' id='word_1_61' title='bbox 1147 1121 1191 1171; x_wconf 84' lang='lat' dir='ltr'>est</span> <span class='ocrx_word' id='word_1_62' title='bbox 1210 1110 1247 1170; x_wconf 90' lang='grc' dir='ltr'>Τ.</span> <span class='ocrx_word' id='word_1_63' title='bbox 1268 1111 1322 1170; x_wconf 82' lang='lat' dir='ltr'>Li·</span> 
     </span>
     <span class='ocr_line' id='line_1_10' title="bbox 242 1191 1322 1278; baseline 0 -24"><span class='ocrx_word' id='word_1_64' title='bbox 242 1198 324 1275; x_wconf 88' lang='lat' dir='ltr'>vius,</span> <span class='ocrx_word' id='word_1_65' title='bbox 344 1196 427 1278; x_wconf 87' lang='lat' dir='ltr'>quod</span> <span class='ocrx_word' id='word_1_66' title='bbox 445 1195 589 1257; x_wconf 84' lang='lat' dir='ltr'>Romanis</span> <span class='ocrx_word' id='word_1_67' title='bbox 608 1196 787 1276; x_wconf 70' lang='lat' dir='ltr'>quibusdam</span> <span class='ocrx_word' id='word_1_68' title='bbox 805 1199 932 1257; x_wconf 88' lang='lat' dir='ltr'>nimiam</span> <span class='ocrx_word' id='word_1_69' title='bbox 955 1194 1077 1256; x_wconf 83' lang='lat' dir='ltr'>faverit.</span> <span class='ocrx_word' id='word_1_70' title='bbox 1119 1191 1322 1254; x_wconf 85' lang='lat' dir='ltr'>NotatnsSal·</span> 
     </span>
     <span class='ocr_line' id='line_1_11' title="bbox 243 1276 1321 1360; baseline -0.001 -21"><span class='ocrx_word' id='word_1_71' title='bbox 243 1277 371 1353; x_wconf 86' lang='lat' dir='ltr'>lustius,</span> <span class='ocrx_word' id='word_1_72' title='bbox 392 1280 445 1360; x_wconf 85' lang='lat' dir='ltr'>qai</span> <span class='ocrx_word' id='word_1_73' title='bbox 467 1280 498 1338; x_wconf 91' lang='lat' dir='ltr'>in</span> <span class='ocrx_word' id='word_1_74' title='bbox 522 1276 696 1339; x_wconf 86' lang='lat' dir='ltr'>Catilinaria</span> <span class='ocrx_word' id='word_1_75' title='bbox 715 1281 945 1351; x_wconf 84' lang='lat' dir='ltr'>coniuratione,</span> <span class='ocrx_word' id='word_1_76' title='bbox 976 1298 1054 1360; x_wconf 87' lang='lat' dir='ltr'>quae</span> <span class='ocrx_word' id='word_1_77' title='bbox 1078 1276 1214 1338; x_wconf 81' lang='lat' dir='ltr'>Ciceroni</span> <span class='ocrx_word' id='word_1_78' title='bbox 1235 1298 1321 1338; x_wconf 82' lang='lat' dir='ltr'>sena·</span> 
     </span>
     <span class='ocr_line' id='line_1_12' title="bbox 243 1358 1321 1444; baseline -0.004 -20"><span class='ocrx_word' id='word_1_79' title='bbox 243 1373 292 1429; x_wconf 81' lang='lat' dir='ltr'>tus</span> <span class='ocrx_word' id='word_1_80' title='bbox 312 1361 480 1423; x_wconf 82' lang='lat' dir='ltr'>honorilice</span> <span class='ocrx_word' id='word_1_81' title='bbox 508 1359 766 1444; x_wconf 83' lang='lat' dir='ltr'>perbenevoleque</span> <span class='ocrx_word' id='word_1_82' title='bbox 796 1362 989 1434; x_wconf 82' lang='lat' dir='ltr'>decreverat,</span> <span class='ocrx_word' id='word_1_83' title='bbox 1020 1381 1091 1421; x_wconf 90' lang='lat' dir='ltr'>cum</span> <span class='ocrx_word' id='word_1_84' title='bbox 1110 1358 1321 1422; x_wconf 77' lang='lat' dir='ltr'>malevolentia</span> 
     </span>
     <span class='ocr_line' id='line_1_13' title="bbox 243 1441 1325 1527; baseline -0.003 -20"><span class='ocrx_word' id='word_1_85' title='bbox 243 1441 429 1507; x_wconf 74' lang='lat' dir='ltr'>subticuerit</span> <span class='ocrx_word' id='word_1_86' title='bbox 470 1444 601 1505; x_wconf 84' lang='lat' dir='ltr'>Peccant</span> <span class='ocrx_word' id='word_1_87' title='bbox 620 1446 735 1525; x_wconf 83' lang='lat' dir='ltr'>gratia,</span> <span class='ocrx_word' id='word_1_88' title='bbox 759 1447 810 1527; x_wconf 89' lang='lat' dir='ltr'>qui</span> <span class='ocrx_word' id='word_1_89' title='bbox 830 1468 863 1508; x_wconf 85' lang='lat' dir='ltr'>se</span> <span class='ocrx_word' id='word_1_90' title='bbox 882 1447 1009 1505; x_wconf 78' lang='lat' dir='ltr'>nimiam</span> <span class='ocrx_word' id='word_1_91' title='bbox 1030 1447 1062 1504; x_wconf 90' lang='lat' dir='ltr'>in</span> <span class='ocrx_word' id='word_1_92' title='bbox 1084 1441 1188 1504; x_wconf 85' lang='lat' dir='ltr'>laudes</span> <span class='ocrx_word' id='word_1_93' title='bbox 1211 1446 1325 1525; x_wconf 83' lang='lat' dir='ltr'>princi-</span> 
     </span>
     <span class='ocr_line' id='line_1_14' title="bbox 243 1526 1325 1610; baseline -0.002 -22"><span class='ocrx_word' id='word_1_94' title='bbox 243 1550 316 1610; x_wconf 88' lang='lat' dir='ltr'>pum</span> <span class='ocrx_word' id='word_1_95' title='bbox 345 1526 512 1594; x_wconf 85' lang='lat' dir='ltr'>effundunt.</span> <span class='ocrx_word' id='word_1_96' title='bbox 553 1526 687 1604; x_wconf 83' lang='lat' dir='ltr'>Audivi,</span> <span class='ocrx_word' id='word_1_97' title='bbox 720 1527 863 1590; x_wconf 85' lang='lat' dir='ltr'>Carolum</span> <span class='ocrx_word' id='word_1_98' title='bbox 884 1529 924 1592; x_wconf 83' lang='lat' dir='ltr'>V.</span> <span class='ocrx_word' id='word_1_99' title='bbox 945 1529 1100 1589; x_wconf 75' lang='lat' dir='ltr'>historiam</span> <span class='ocrx_word' id='word_1_100' title='bbox 1127 1526 1260 1590; x_wconf 85' lang='lat' dir='ltr'>Sleidani</span> <span class='ocrx_word' id='word_1_101' title='bbox 1281 1527 1325 1589; x_wconf 84' lang='lat' dir='ltr'>le·</span> 
     </span>
     <span class='ocr_line' id='line_1_15' title="bbox 244 1608 1323 1693; baseline 0 -23"><span class='ocrx_word' id='word_1_102' title='bbox 244 1622 364 1693; x_wconf 80' lang='lat' dir='ltr'>gentem</span> <span class='ocrx_word' id='word_1_103' title='bbox 384 1611 511 1689; x_wconf 79' lang='lat' dir='ltr'>dixisse,</span> <span class='ocrx_word' id='word_1_104' title='bbox 545 1611 644 1690; x_wconf 88' lang='lat' dir='ltr'>ipsum</span> <span class='ocrx_word' id='word_1_105' title='bbox 671 1611 709 1671; x_wconf 87' lang='lat' dir='ltr'>de</span> <span class='ocrx_word' id='word_1_106' title='bbox 733 1632 765 1672; x_wconf 87' lang='lat' dir='ltr'>se</span> <span class='ocrx_word' id='word_1_107' title='bbox 793 1613 889 1673; x_wconf 86' lang='lat' dir='ltr'>multa</span> <span class='ocrx_word' id='word_1_108' title='bbox 910 1614 1043 1673; x_wconf 75' lang='lat' dir='ltr'>mentiri.</span> <span class='ocrx_word' id='word_1_109' title='bbox 1084 1612 1215 1671; x_wconf 85' lang='lat' dir='ltr'>Peccant</span> <span class='ocrx_word' id='word_1_110' title='bbox 1240 1608 1323 1686; x_wconf 90' lang='lat' dir='ltr'>odio,</span> 
     </span>
     <span class='ocr_line' id='line_1_16' title="bbox 246 1693 1322 1777; baseline -0.002 -23"><span class='ocrx_word' id='word_1_111' title='bbox 246 1697 300 1776; x_wconf 88' lang='lat' dir='ltr'>qui</span> <span class='ocrx_word' id='word_1_112' title='bbox 322 1694 518 1755; x_wconf 83' lang='lat' dir='ltr'>immoderate</span> <span class='ocrx_word' id='word_1_113' title='bbox 540 1703 570 1753; x_wconf 85' lang='lat' dir='ltr'>et</span> <span class='ocrx_word' id='word_1_114' title='bbox 589 1712 639 1755; x_wconf 86' lang='lat' dir='ltr'>sae</span> <span class='ocrx_word' id='word_1_115' title='bbox 697 1694 933 1777; x_wconf 82' lang='lat' dir='ltr'>reprehendunt.</span> <span class='ocrx_word' id='word_1_116' title='bbox 982 1695 1124 1755; x_wconf 87' lang='lat' dir='ltr'>Timaeus</span> <span class='ocrx_word' id='word_1_117' title='bbox 1150 1693 1322 1765; x_wconf 82' lang='lat' dir='ltr'>historicus,</span> 
     </span>
     <span class='ocr_line' id='line_1_17' title="bbox 246 1715 1324 1859; baseline -0.001 -22"><span class='ocrx_word' id='word_1_118' title='bbox 246 1777 427 1858; x_wconf 71' lang='lat' dir='ltr'>quodenset</span> <span class='ocrx_word' id='word_1_119' title='bbox 449 1775 601 1850; x_wconf 78' lang='lat' dir='ltr'>acerbior,</span> <span class='ocrx_word' id='word_1_120' title='bbox 629 1715 816 1859; x_wconf 56' lang='lat' dir='ltr'>libitimaens</span> <span class='ocrx_word' id='word_1_121' title='bbox 836 1779 933 1839; x_wconf 83' lang='lat' dir='ltr'>dictus</span> <span class='ocrx_word' id='word_1_122' title='bbox 953 1786 1017 1855; x_wconf 79' lang='lat' dir='ltr'>cst3</span> <span class='ocrx_word' id='word_1_123' title='bbox 1047 1789 1151 1839; x_wconf 84' lang='lat' dir='ltr'>auctor</span> <span class='ocrx_word' id='word_1_124' title='bbox 1173 1779 1324 1839; x_wconf 73' lang='lat' dir='ltr'>Diodotus</span> 
     </span>
     <span class='ocr_line' id='line_1_18' title="bbox 244 1858 1324 1944; baseline 0 -24"><span class='ocrx_word' id='word_1_125' title='bbox 244 1858 298 1922; x_wconf 87' lang='lat' dir='ltr'>lib.</span> <span class='ocrx_word' id='word_1_126' title='bbox 315 1860 344 1922; x_wconf 80' lang='lat'>5.</span> <span class='ocrx_word' id='word_1_127' title='bbox 366 1881 434 1942; x_wconf 84' lang='lat' dir='ltr'>cap.</span> <span class='ocrx_word' id='word_1_128' title='bbox 454 1879 484 1919; x_wconf 91' lang='grc' dir='ltr'>ι.</span> <span class='ocrx_word' id='word_1_129' title='bbox 526 1860 657 1920; x_wconf 85' lang='lat' dir='ltr'>Licitum</span> <span class='ocrx_word' id='word_1_130' title='bbox 689 1871 731 1922; x_wconf 86' lang='lat' dir='ltr'>est</span> <span class='ocrx_word' id='word_1_131' title='bbox 753 1874 854 1922; x_wconf 89' lang='lat' dir='ltr'>autem</span> <span class='ocrx_word' id='word_1_132' title='bbox 874 1882 976 1923; x_wconf 85' lang='lat' dir='ltr'>rernm</span> <span class='ocrx_word' id='word_1_133' title='bbox 996 1862 1134 1944; x_wconf 75' lang='lat' dir='ltr'>scriptori</span> <span class='ocrx_word' id='word_1_134' title='bbox 1162 1873 1192 1921; x_wconf 90' lang='lat' dir='ltr'>et</span> <span class='ocrx_word' id='word_1_135' title='bbox 1220 1882 1324 1943; x_wconf 82' lang='lat' dir='ltr'>repre·</span> 
     </span>
     <span class='ocr_line' id='line_1_19' title="bbox 246 1941 1325 2026; baseline 0.004 -24"><span class='ocrx_word' id='word_1_136' title='bbox 246 1941 380 2003; x_wconf 79' lang='lat' dir='ltr'><strong>bendere</strong></span> <span class='ocrx_word' id='word_1_137' title='bbox 401 1962 461 2015; x_wconf 88' lang='lat' dir='ltr'>ea,</span> <span class='ocrx_word' id='word_1_138' title='bbox 482 1962 560 2022; x_wconf 86' lang='lat' dir='ltr'>quae</span> <span class='ocrx_word' id='word_1_139' title='bbox 579 1944 779 2025; x_wconf 84' lang='lat' dir='ltr'>vituperanda</span> <span class='ocrx_word' id='word_1_140' title='bbox 800 1946 907 2024; x_wconf 84' lang='lat' dir='ltr'>docet,</span> <span class='ocrx_word' id='word_1_141' title='bbox 928 1956 958 2006; x_wconf 90' lang='lat' dir='ltr'>et</span> <span class='ocrx_word' id='word_1_142' title='bbox 977 1966 1055 2025; x_wconf 88' lang='lat' dir='ltr'>quae</span> <span class='ocrx_word' id='word_1_143' title='bbox 1075 1944 1215 2025; x_wconf 85' lang='lat' dir='ltr'>placent,</span> <span class='ocrx_word' id='word_1_144' title='bbox 1236 1964 1325 2026; x_wconf 83' lang='lat' dir='ltr'>expo·</span> 
     </span>
     <span class='ocr_line' id='line_1_20' title="bbox 247 2025 1325 2111; baseline 0.005 -27"><span class='ocrx_word' id='word_1_145' title='bbox 247 2025 354 2086; x_wconf 87' lang='lat' dir='ltr'>nendis</span> <span class='ocrx_word' id='word_1_146' title='bbox 375 2025 544 2086; x_wconf 86' lang='lat' dir='ltr'>rationibus</span> <span class='ocrx_word' id='word_1_147' title='bbox 565 2026 771 2108; x_wconf 83' lang='lat' dir='ltr'>comprobare,</span> <span class='ocrx_word' id='word_1_148' title='bbox 797 2029 949 2111; x_wconf 88' lang='lat' dir='ltr'>quomodo</span> <span class='ocrx_word' id='word_1_149' title='bbox 973 2028 1013 2088; x_wconf 85' lang='lat' dir='ltr'>ad</span> <span class='ocrx_word' id='word_1_150' title='bbox 1034 2029 1194 2088; x_wconf 87' lang='lat' dir='ltr'>Lucceium</span> <span class='ocrx_word' id='word_1_151' title='bbox 1219 2030 1325 2089; x_wconf 85' lang='lat' dir='ltr'>Cicero</span> 
     </span>
     <span class='ocr_line' id='line_1_21' title="bbox 247 2107 1245 2197; baseline 0.006 -28"><span class='ocrx_word' id='word_1_152' title='bbox 247 2111 385 2191; x_wconf 85' lang='lat' dir='ltr'>scripsit,</span> <span class='ocrx_word' id='word_1_153' title='bbox 405 2110 491 2190; x_wconf 84' lang='lat' dir='ltr'>epist.</span> <span class='ocrx_word' id='word_1_154' title='bbox 510 2128 559 2167; x_wconf 82' lang='lat' dir='ltr'>aa.</span> <span class='ocrx_word' id='word_1_155' title='bbox 578 2107 631 2170; x_wconf 83' lang='lat' dir='ltr'>lib.</span> <span class='ocrx_word' id='word_1_156' title='bbox 651 2110 691 2182; x_wconf 70' lang='lat'>5,</span> <span class='ocrx_word' id='word_1_157' title='bbox 716 2111 768 2171; x_wconf 89' lang='lat' dir='ltr'>sed</span> <span class='ocrx_word' id='word_1_158' title='bbox 788 2123 950 2197; x_wconf 73' lang='lat' dir='ltr'>utrumque</span> <span class='ocrx_word' id='word_1_159' title='bbox 970 2111 1095 2175; x_wconf 87' lang='lat' dir='ltr'>modice.</span> <span class='ocrx_word' id='word_1_160' title='bbox 1116 2132 1245 2175; x_wconf 79' lang='grc' dir='ltr'>ιοιτιιι.</span> 
     </span>
    </p>

    <p class='ocr_par' dir='ltr' id='par_1_4' title="bbox 328 2190 882 2273">
     <span class='ocr_line' id='line_1_22' title="bbox 328 2190 882 2273; baseline 0.007 -19"><span class='ocrx_word' id='word_1_161' title='bbox 328 2192 406 2273; x_wconf 75' lang='lat' dir='ltr'>Pag.</span> <span class='ocrx_word' id='word_1_162' title='bbox 428 2190 543 2271; x_wconf 79' lang='lat' dir='ltr'>so,13.</span> <span class='ocrx_word' id='word_1_163' title='bbox 565 2197 629 2264; x_wconf 80' lang='grc' dir='ltr'><strong><em>τοῖς</em></strong></span> <span class='ocrx_word' id='word_1_164' title='bbox 650 2205 729 2255; x_wconf 78' lang='lat' dir='ltr'>secte</span> <span class='ocrx_word' id='word_1_165' title='bbox 750 2217 811 2255; x_wconf 89' lang='lat' dir='ltr'>om.</span> <span class='ocrx_word' id='word_1_166' title='bbox 836 2199 882 2258; x_wconf 88' lang='lat' dir='ltr'>M.</span> 
     </span>
    </p>

    <p class='ocr_par' dir='ltr' id='par_1_5' title="bbox 247 2270 1382 3245">
     <span class='ocr_line' id='line_1_23' title="bbox 328 2270 1324 2360; baseline 0.004 -24"><span class='ocrx_word' id='word_1_167' title='bbox 328 2274 412 2355; x_wconf 78' lang='lat' dir='ltr'>Pag.</span> <span class='ocrx_word' id='word_1_168' title='bbox 440 2293 489 2353; x_wconf 87' lang='lat' dir='ltr'>to,</span> <span class='ocrx_word' id='word_1_169' title='bbox 516 2270 562 2351; x_wconf 69' lang='grc' dir='ltr'>ιά.</span> <span class='ocrx_word' id='word_1_170' title='bbox 603 2296 789 2359; x_wconf 83' lang='lat' dir='ltr'>praesens</span> <span class='ocrx_word' id='word_1_171' title='bbox 833 2278 1005 2341; x_wconf 81' lang='lat' dir='ltr'>omnibns</span> <span class='ocrx_word' id='word_1_172' title='bbox 1043 2279 1226 2360; x_wconf 80' lang='lat' dir='ltr'>interfui.</span> <span class='ocrx_word' id='word_1_173' title='bbox 1287 2279 1324 2340; x_wconf 86' lang='lat' dir='ltr'>ln</span> 
     </span>
     <span class='ocr_line' id='line_1_24' title="bbox 247 2355 1324 2445; baseline 0.004 -27"><span class='ocrx_word' id='word_1_174' title='bbox 247 2355 329 2419; x_wconf 86' lang='lat' dir='ltr'>calce</span> <span class='ocrx_word' id='word_1_175' title='bbox 361 2368 463 2418; x_wconf 89' lang='lat' dir='ltr'>tamen</span> <span class='ocrx_word' id='word_1_176' title='bbox 487 2355 629 2418; x_wconf 85' lang='lat' dir='ltr'>historiae</span> <span class='ocrx_word' id='word_1_177' title='bbox 649 2361 779 2443; x_wconf 81' lang='lat' dir='ltr'>latetur,</span> <span class='ocrx_word' id='word_1_178' title='bbox 800 2383 832 2424; x_wconf 87' lang='lat' dir='ltr'>se</span> <span class='ocrx_word' id='word_1_179' title='bbox 857 2362 1004 2445; x_wconf 84' lang='lat' dir='ltr'>quaedam</span> <span class='ocrx_word' id='word_1_180' title='bbox 1023 2360 1063 2422; x_wconf 88' lang='lat' dir='ltr'>ab</span> <span class='ocrx_word' id='word_1_181' title='bbox 1081 2362 1146 2422; x_wconf 87' lang='lat' dir='ltr'>aliis</span> <span class='ocrx_word' id='word_1_182' title='bbox 1168 2364 1324 2444; x_wconf 83' lang='lat' dir='ltr'>accepisse,</span> 
     </span>
     <span class='ocr_line' id='line_1_25' title="bbox 248 2438 1325 2589; baseline 0.004 -89"><span class='ocrx_word' id='word_1_183' title='bbox 248 2459 327 2583; x_wconf 60' lang='lat' dir='ltr'>pepe</span> <span class='ocrx_word' id='word_1_184' title='bbox 346 2438 544 2585; x_wconf 51' lang='lat' dir='ltr'>nitmippamupp</span> <span class='ocrx_word' id='word_1_185' title='bbox 570 2441 811 2589; x_wconf 53' lang='lat' dir='ltr'>adversprioraplm</span> <span class='ocrx_word' id='word_1_186' title='bbox 833 2465 957 2509; x_wconf 82' lang='lat' dir='ltr'>suarum</span> <span class='ocrx_word' id='word_1_187' title='bbox 978 2445 1325 2589; x_wconf 46' lang='lat' dir='ltr'>conventicutlistagikata</span> 
     </span>
     <span class='ocr_line' id='line_1_26' title="bbox 263 2542 1326 2592; baseline 0.007 -11"><span class='ocrx_word' id='word_1_188' title='bbox 263 2542 423 2582; x_wconf 75' lang='lat' dir='ltr'>mzea</span> <span class='ocrx_word' id='word_1_189' title='bbox 573 2545 590 2584; x_wconf 91' lang='lat' dir='ltr'>e</span> <span class='ocrx_word' id='word_1_190' title='bbox 644 2547 853 2592; x_wconf 78' lang='lat' dir='ltr'>ususaesse</span> <span class='ocrx_word' id='word_1_191' title='bbox 894 2547 1093 2589; x_wconf 87' lang='lat' dir='ltr'>raesensnon</span> <span class='ocrx_word' id='word_1_192' title='bbox 1136 2550 1221 2588; x_wconf 73' lang='lat' dir='ltr'>oui.</span> <span class='ocrx_word' id='word_1_193' title='bbox 1292 2548 1326 2589; x_wconf 87' lang='lat' dir='ltr'>ec</span> 
     </span>
     <span class='ocr_line' id='line_1_27' title="bbox 248 2543 1327 2693; baseline 0.006 -29"><span class='ocrx_word' id='word_1_194' title='bbox 248 2603 345 2664; x_wconf 84' lang='lat' dir='ltr'>lulius</span> <span class='ocrx_word' id='word_1_195' title='bbox 365 2603 476 2665; x_wconf 85' lang='lat' dir='ltr'>Caesar</span> <span class='ocrx_word' id='word_1_196' title='bbox 497 2543 649 2683; x_wconf 55' lang='lat' dir='ltr'>omqblibui,</span> <span class='ocrx_word' id='word_1_197' title='bbox 672 2631 749 2691; x_wconf 82' lang='lat' dir='ltr'>quae</span> <span class='ocrx_word' id='word_1_198' title='bbox 768 2553 893 2693; x_wconf 55' lang='lat' dir='ltr'>canati,</span> <span class='ocrx_word' id='word_1_199' title='bbox 914 2632 1015 2673; x_wconf 82' lang='lat' dir='ltr'>coram</span> <span class='ocrx_word' id='word_1_200' title='bbox 1039 2550 1142 2672; x_wconf 59' lang='lat' dir='ltr'>affmli</span> <span class='ocrx_word' id='word_1_201' title='bbox 1166 2610 1251 2672; x_wconf 83' lang='lat' dir='ltr'>affuit</span> <span class='ocrx_word' id='word_1_202' title='bbox 1272 2632 1327 2671; x_wconf 90' lang='lat' dir='ltr'>au·</span> 
     </span>
     <span class='ocr_line' id='line_1_28' title="bbox 249 2684 1328 2781; baseline 0.005 -32"><span class='ocrx_word' id='word_1_203' title='bbox 249 2697 312 2749; x_wconf 84' lang='lat' dir='ltr'>tem</span> <span class='ocrx_word' id='word_1_204' title='bbox 330 2684 481 2768; x_wconf 84' lang='lat' dir='ltr'>plurimis,</span> <span class='ocrx_word' id='word_1_205' title='bbox 503 2699 533 2748; x_wconf 89' lang='lat' dir='ltr'>et</span> <span class='ocrx_word' id='word_1_206' title='bbox 555 2711 635 2772; x_wconf 88' lang='lat' dir='ltr'>quae</span> <span class='ocrx_word' id='word_1_207' title='bbox 658 2712 713 2775; x_wconf 86' lang='lat' dir='ltr'>pro</span> <span class='ocrx_word' id='word_1_208' title='bbox 729 2694 781 2756; x_wconf 92' lang='lat' dir='ltr'>illo</span> <span class='ocrx_word' id='word_1_209' title='bbox 797 2708 878 2781; x_wconf 78' lang='lat' dir='ltr'>gesta</span> <span class='ocrx_word' id='word_1_210' title='bbox 898 2705 978 2766; x_wconf 89' lang='lat' dir='ltr'>sunt,</span> <span class='ocrx_word' id='word_1_211' title='bbox 1001 2697 1065 2755; x_wconf 89' lang='lat' dir='ltr'>eius</span> <span class='ocrx_word' id='word_1_212' title='bbox 1085 2697 1197 2756; x_wconf 86' lang='lat' dir='ltr'>virtute</span> <span class='ocrx_word' id='word_1_213' title='bbox 1222 2693 1328 2771; x_wconf 87' lang='lat' dir='ltr'>multa,</span> 
     </span>
     <span class='ocr_line' id='line_1_29' title="bbox 250 2771 1327 2853; baseline 0.009 -26"><span class='ocrx_word' id='word_1_214' title='bbox 250 2779 281 2829; x_wconf 85' lang='lat' dir='ltr'>ct</span> <span class='ocrx_word' id='word_1_215' title='bbox 303 2771 443 2851; x_wconf 81' lang='lat' dir='ltr'>auspiciis</span> <span class='ocrx_word' id='word_1_216' title='bbox 464 2782 545 2853; x_wconf 77' lang='lat' dir='ltr'>gesta</span> <span class='ocrx_word' id='word_1_217' title='bbox 568 2786 639 2835; x_wconf 90' lang='lat' dir='ltr'>sunt</span> <span class='ocrx_word' id='word_1_218' title='bbox 667 2781 778 2845; x_wconf 74' lang='lat' dir='ltr'>omnia,</span> <span class='ocrx_word' id='word_1_219' title='bbox 819 2778 909 2842; x_wconf 86' lang='lat' dir='ltr'>Valet</span> <span class='ocrx_word' id='word_1_220' title='bbox 929 2778 967 2839; x_wconf 89' lang='lat' dir='ltr'>ad</span> <span class='ocrx_word' id='word_1_221' title='bbox 990 2777 1207 2839; x_wconf 83' lang='lat' dir='ltr'>conciliandam</span> <span class='ocrx_word' id='word_1_222' title='bbox 1231 2776 1327 2837; x_wconf 85' lang='lat' dir='ltr'>bisto-</span> 
     </span>
     <span class='ocr_line' id='line_1_30' title="bbox 248 2852 1327 2943; baseline 0.006 -29"><span class='ocrx_word' id='word_1_223' title='bbox 248 2855 313 2914; x_wconf 84' lang='lat' dir='ltr'>rlae</span> <span class='ocrx_word' id='word_1_224' title='bbox 332 2852 422 2913; x_wconf 81' lang='lat' dir='ltr'>fidem</span> <span class='ocrx_word' id='word_1_225' title='bbox 449 2854 579 2916; x_wconf 85' lang='lat' dir='ltr'>scribere</span> <span class='ocrx_word' id='word_1_226' title='bbox 610 2879 688 2941; x_wconf 87' lang='lat' dir='ltr'>quae</span> <span class='ocrx_word' id='word_1_227' title='bbox 710 2863 839 2940; x_wconf 82' lang='lat' dir='ltr'>videris,</span> <span class='ocrx_word' id='word_1_228' title='bbox 873 2884 935 2923; x_wconf 90' lang='lat' dir='ltr'>non</span> <span class='ocrx_word' id='word_1_229' title='bbox 959 2882 1036 2943; x_wconf 89' lang='lat' dir='ltr'>quae</span> <span class='ocrx_word' id='word_1_230' title='bbox 1055 2861 1185 2922; x_wconf 87' lang='lat' dir='ltr'>audieris</span> <span class='ocrx_word' id='word_1_231' title='bbox 1194 2883 1212 2935; x_wconf 74' lang='lat' dir='ltr'>e,</span> <span class='ocrx_word' id='word_1_232' title='bbox 1232 2859 1327 2921; x_wconf 86' lang='lat' dir='ltr'>oculis</span> 
     </span>
     <span class='ocr_line' id='line_1_31' title="bbox 251 2936 1328 3027; baseline 0.003 -29"><span class='ocrx_word' id='word_1_233' title='bbox 251 2936 400 3017; x_wconf 85' lang='lat' dir='ltr'>siquidem</span> <span class='ocrx_word' id='word_1_234' title='bbox 427 2939 537 2998; x_wconf 75' lang='lat' dir='ltr'>certior</span> <span class='ocrx_word' id='word_1_235' title='bbox 554 2939 638 3002; x_wconf 78' lang='lat' dir='ltr'>&#39;fides</span> <span class='ocrx_word' id='word_1_236' title='bbox 660 2952 722 3018; x_wconf 83' lang='lat' dir='ltr'>eet,</span> <span class='ocrx_word' id='word_1_237' title='bbox 751 2966 842 3027; x_wconf 88' lang='lat' dir='ltr'>quam</span> <span class='ocrx_word' id='word_1_238' title='bbox 867 2947 1000 3011; x_wconf 87' lang='lat' dir='ltr'>auribus.</span> <span class='ocrx_word' id='word_1_239' title='bbox 1043 2945 1144 3021; x_wconf 80' lang='lat' dir='ltr'>Quare</span> <span class='ocrx_word' id='word_1_240' title='bbox 1174 2942 1328 3019; x_wconf 81' lang='lat' dir='ltr'>nonnulli,</span> 
     </span>
     <span class='ocr_line' id='line_1_32' title="bbox 250 3016 1382 3111; baseline 0.006 -33"><span class='ocrx_word' id='word_1_241' title='bbox 250 3039 315 3101; x_wconf 89' lang='lat' dir='ltr'>quo</span> <span class='ocrx_word' id='word_1_242' title='bbox 343 3016 542 3101; x_wconf 76' lang='lat' dir='ltr'>exploratione</span> <span class='ocrx_word' id='word_1_243' title='bbox 573 3033 604 3083; x_wconf 87' lang='lat' dir='ltr'>et</span> <span class='ocrx_word' id='word_1_244' title='bbox 634 3025 849 3089; x_wconf 87' lang='lat' dir='ltr'>indubitatiora</span> <span class='ocrx_word' id='word_1_245' title='bbox 877 3038 1000 3111; x_wconf 77' lang='lat' dir='ltr'>possent</span> <span class='ocrx_word' id='word_1_246' title='bbox 1027 3026 1178 3107; x_wconf 82' lang='lat' dir='ltr'>sctibere,</span> <span class='ocrx_word' id='word_1_247' title='bbox 1211 3028 1329 3108; x_wconf 80' lang='lat' dir='ltr'>ipsimet</span> <span class='ocrx_word' id='word_1_248' title='bbox 1377 3094 1382 3102; x_wconf 23' lang='lat'>⁵</span> 
     </span>
     <span class='ocr_line' id='line_1_33' title="bbox 249 3104 1329 3245; baseline 0.001 -75"><span class='ocrx_word' id='word_1_249' title='bbox 249 3112 346 3245; x_wconf 46' lang='grc' dir='ltr'>ἔπει</span> <span class='ocrx_word' id='word_1_250' title='bbox 367 3104 406 3163; x_wconf 83' lang='lat' dir='ltr'>et&#39;</span> <span class='ocrx_word' id='word_1_251' title='bbox 424 3105 562 3183; x_wconf 73' lang='lat' dir='ltr'>regiones</span> <span class='ocrx_word' id='word_1_252' title='bbox 581 3121 801 3193; x_wconf 76' lang='lat' dir='ltr'>peragrarunt,</span> <span class='ocrx_word' id='word_1_253' title='bbox 827 3122 863 3175; x_wconf 87' lang='lat' dir='ltr'>ut</span> <span class='ocrx_word' id='word_1_254' title='bbox 881 3112 1034 3175; x_wconf 78' lang='lat' dir='ltr'>Diodorus</span> <span class='ocrx_word' id='word_1_255' title='bbox 1057 3109 1199 3195; x_wconf 82' lang='lat' dir='ltr'>siculus,</span> <span class='ocrx_word' id='word_1_256' title='bbox 1229 3106 1329 3170; x_wconf 81' lang='lat' dir='ltr'>Salla-</span> 
     </span>
    </p>

    <p class='ocr_par' dir='ltr' id='par_1_6' title="bbox 260 3203 736 3346">
     <span class='ocr_line' id='line_1_34' title="bbox 292 3203 490 3246; baseline 0.005 -1"><span class='ocrx_word' id='word_1_257' title='bbox 292 3203 338 3245; x_wconf 85' lang='lat' dir='ltr'>us.</span> <span class='ocrx_word' id='word_1_258' title='bbox 358 3203 490 3246; x_wconf 78' lang='grc' dir='ltr'>ιοιιτιιι.</span> 
     </span>
     <span class='ocr_line' id='line_1_35' title="bbox 260 3260 736 3346; baseline 0.023 -23"><span class='ocrx_word' id='word_1_259' title='bbox 260 3313 267 3322; x_wconf 93' lang='grc'><strong>.</strong></span> <span class='ocrx_word' id='word_1_260' title='bbox 333 3265 410 3346; x_wconf 76' lang='lat' dir='ltr'><strong><em>Pag.</em></strong></span> <span class='ocrx_word' id='word_1_261' title='bbox 431 3287 479 3343; x_wconf 88' lang='grc' dir='ltr'>ιι,</span> <span class='ocrx_word' id='word_1_262' title='bbox 501 3269 532 3329; x_wconf 78' lang='lat'>3.</span> <span class='ocrx_word' id='word_1_263' title='bbox 574 3267 604 3329; x_wconf 85' lang='grc' dir='ltr'>δ’</span> <span class='ocrx_word' id='word_1_264' title='bbox 625 3260 668 3331; x_wconf 72' lang='lat' dir='ltr'>ol</span> <span class='ocrx_word' id='word_1_265' title='bbox 690 3276 736 3338; x_wconf 87' lang='lat' dir='ltr'>M.</span> 
     </span>
    </p>

    <p class='ocr_par' dir='ltr' id='par_1_7' title="bbox 253 3347 1337 4275">
     <span class='ocr_line' id='line_1_36' title="bbox 282 3347 1330 3445; baseline 0.01 -37"><span class='ocrx_word' id='word_1_266' title='bbox 282 3426 290 3443; x_wconf 31' lang='lat'><strong>⁴</strong></span> <span class='ocrx_word' id='word_1_267' title='bbox 335 3347 413 3427; x_wconf 72' lang='lat' dir='ltr'>Pag.</span> <span class='ocrx_word' id='word_1_268' title='bbox 444 3368 490 3425; x_wconf 85' lang='lat'>11,</span> <span class='ocrx_word' id='word_1_269' title='bbox 513 3371 545 3434; x_wconf 81' lang='lat'>7.</span> <span class='ocrx_word' id='word_1_270' title='bbox 580 3353 770 3421; x_wconf 80' lang='lat' dir='ltr'>intercisa</span> <span class='ocrx_word' id='word_1_271' title='bbox 800 3363 1085 3445; x_wconf 81' lang='lat' dir='ltr'>propagatione</span> <span class='ocrx_word' id='word_1_272' title='bbox 1118 3363 1330 3443; x_wconf 85' lang='lat' dir='ltr'>imperato·</span> 
     </span>
     <span class='ocr_line' id='line_1_37' title="bbox 253 3429 1333 3527; baseline 0.002 -30"><span class='ocrx_word' id='word_1_273' title='bbox 253 3447 328 3497; x_wconf 71' lang='grc' dir='ltr'>Μ.</span> <span class='ocrx_word' id='word_1_274' title='bbox 369 3429 499 3492; x_wconf 64' lang='lat' dir='ltr'>Michssel</span> <span class='ocrx_word' id='word_1_275' title='bbox 520 3431 718 3520; x_wconf 68' lang='lat' dir='ltr'>Palaeologus</span> <span class='ocrx_word' id='word_1_276' title='bbox 748 3442 892 3503; x_wconf 85' lang='lat' dir='ltr'>loannem</span> <span class='ocrx_word' id='word_1_277' title='bbox 922 3466 1068 3527; x_wconf 84' lang='lat' dir='ltr'>puerum,</span> <span class='ocrx_word' id='word_1_278' title='bbox 1100 3442 1255 3504; x_wconf 79' lang='lat' dir='ltr'>Theodori</span> <span class='ocrx_word' id='word_1_279' title='bbox 1276 3439 1333 3500; x_wconf 88' lang='lat' dir='ltr'>lili-</span> 
     </span>
     <span class='ocr_line' id='line_1_38' title="bbox 253 3509 1333 3609; baseline -0.002 -24"><span class='ocrx_word' id='word_1_280' title='bbox 253 3530 326 3585; x_wconf 66' lang='lat' dir='ltr'>um,</span> <span class='ocrx_word' id='word_1_281' title='bbox 346 3509 467 3574; x_wconf 67' lang='lat' dir='ltr'>lfflssnis</span> <span class='ocrx_word' id='word_1_282' title='bbox 479 3514 616 3578; x_wconf 66' lang='lat' dir='ltr'>Bfllfllwe</span> <span class='ocrx_word' id='word_1_283' title='bbox 637 3532 786 3603; x_wconf 78' lang='lat' dir='ltr'>nepotem,</span> <span class='ocrx_word' id='word_1_284' title='bbox 802 3526 955 3588; x_wconf 79' lang='lat' dir='ltr'>Theodori</span> <span class='ocrx_word' id='word_1_285' title='bbox 969 3527 1106 3589; x_wconf 86' lang='lat' dir='ltr'>Lascaris</span> <span class='ocrx_word' id='word_1_286' title='bbox 1125 3533 1333 3609; x_wconf 82' lang='lat' dir='ltr'>pronepotem,</span> 
     </span>
     <span class='ocr_line' id='line_1_39' title="bbox 254 3591 1334 3689; baseline 0.012 -36"><span class='ocrx_word' id='word_1_287' title='bbox 254 3591 398 3689; x_wconf 76' lang='lat' dir='ltr'>heredem</span> <span class='ocrx_word' id='word_1_288' title='bbox 417 3596 594 3679; x_wconf 82' lang='lat' dir='ltr'>legitimum,</span> <span class='ocrx_word' id='word_1_289' title='bbox 615 3605 701 3666; x_wconf 86' lang='lat' dir='ltr'>culus</span> <span class='ocrx_word' id='word_1_290' title='bbox 712 3618 797 3669; x_wconf 89' lang='lat' dir='ltr'>tutor</span> <span class='ocrx_word' id='word_1_291' title='bbox 814 3613 1055 3688; x_wconf 66' lang='lat' dir='ltr'>antinomias,</span> <span class='ocrx_word' id='word_1_292' title='bbox 1070 3610 1182 3671; x_wconf 81' lang='lat' dir='ltr'>nelarie</span> <span class='ocrx_word' id='word_1_293' title='bbox 1195 3605 1334 3668; x_wconf 83' lang='lat' dir='ltr'>exocula-</span> 
     </span>
     <span class='ocr_line' id='line_1_40' title="bbox 254 3677 1333 3778; baseline 0.011 -42"><span class='ocrx_word' id='word_1_294' title='bbox 254 3685 327 3773; x_wconf 71' lang='lat' dir='ltr'>vit,</span> <span class='ocrx_word' id='word_1_295' title='bbox 348 3677 409 3756; x_wconf 80' lang='lat' dir='ltr'>vel,</span> <span class='ocrx_word' id='word_1_296' title='bbox 431 3692 465 3742; x_wconf 88' lang='lat' dir='ltr'>ut</span> <span class='ocrx_word' id='word_1_297' title='bbox 486 3682 537 3744; x_wconf 88' lang='lat' dir='ltr'>alii</span> <span class='ocrx_word' id='word_1_298' title='bbox 559 3685 737 3769; x_wconf 82' lang='lat' dir='ltr'>retulerunt,</span> <span class='ocrx_word' id='word_1_299' title='bbox 758 3693 926 3754; x_wconf 83' lang='lat' dir='ltr'>interseeit=</span> <span class='ocrx_word' id='word_1_300' title='bbox 948 3695 1107 3778; x_wconf 84' lang='lat' dir='ltr'>imperinm</span> <span class='ocrx_word' id='word_1_301' title='bbox 1118 3692 1333 3753; x_wconf 86' lang='lat' dir='ltr'>Constantino·</span> 
     </span>
     <span class='ocr_line' id='line_1_41' title="bbox 255 3757 1334 3861; baseline 0.014 -43"><span class='ocrx_word' id='word_1_302' title='bbox 255 3757 423 3840; x_wconf 75' lang='lat' dir='ltr'>politanum</span> <span class='ocrx_word' id='word_1_303' title='bbox 456 3765 574 3828; x_wconf 80' lang='lat' dir='ltr'>ciaciter</span> <span class='ocrx_word' id='word_1_304' title='bbox 600 3791 695 3835; x_wconf 83' lang='lat' dir='ltr'>annos</span> <span class='ocrx_word' id='word_1_305' title='bbox 722 3796 771 3837; x_wconf 84' lang='lat' dir='ltr'>sex</span> <span class='ocrx_word' id='word_1_306' title='bbox 803 3787 834 3837; x_wconf 88' lang='lat' dir='ltr'>et</span> <span class='ocrx_word' id='word_1_307' title='bbox 858 3780 1075 3861; x_wconf 80' lang='lat' dir='ltr'>quinquaginta</span> <span class='ocrx_word' id='word_1_308' title='bbox 1093 3799 1112 3837; x_wconf 85' lang='lat' dir='ltr'>a</span> <span class='ocrx_word' id='word_1_309' title='bbox 1130 3776 1267 3851; x_wconf 80' lang='lat' dir='ltr'>Latinis,</span> <span class='ocrx_word' id='word_1_310' title='bbox 1296 3770 1334 3832; x_wconf 85' lang='lat' dir='ltr'>ab</span> 
     </span>
     <span class='ocr_line' id='line_1_42' title="bbox 257 3845 1335 3942; baseline 0.013 -41"><span class='ocrx_word' id='word_1_311' title='bbox 257 3861 338 3902; x_wconf 90' lang='lat' dir='ltr'>anno</span> <span class='ocrx_word' id='word_1_312' title='bbox 360 3845 484 3907; x_wconf 89' lang='lat' dir='ltr'>Domini</span> <span class='ocrx_word' id='word_1_313' title='bbox 509 3851 593 3912; x_wconf 74' lang='lat'>1203.</span> <span class='ocrx_word' id='word_1_314' title='bbox 615 3855 654 3914; x_wconf 88' lang='lat' dir='ltr'>ad</span> <span class='ocrx_word' id='word_1_315' title='bbox 679 3860 766 3942; x_wconf 78' lang='lat'><strong>1259.</strong></span> <span class='ocrx_word' id='word_1_316' title='bbox 788 3880 862 3937; x_wconf 87' lang='lat' dir='ltr'>seu,</span> <span class='ocrx_word' id='word_1_317' title='bbox 884 3872 920 3921; x_wconf 84' lang='lat' dir='ltr'>ut</span> <span class='ocrx_word' id='word_1_318' title='bbox 942 3862 1014 3940; x_wconf 89' lang='lat' dir='ltr'>alii,</span> <span class='ocrx_word' id='word_1_319' title='bbox 1042 3860 1081 3921; x_wconf 89' lang='lat' dir='ltr'>ad</span> <span class='ocrx_word' id='word_1_320' title='bbox 1102 3879 1196 3920; x_wconf 87' lang='lat' dir='ltr'>annos</span> <span class='ocrx_word' id='word_1_321' title='bbox 1215 3856 1335 3917; x_wconf 85' lang='lat' dir='ltr'>circiter</span> 
     </span>
     <span class='ocr_line' id='line_1_43' title="bbox 256 3933 1336 4026; baseline 0.004 -33"><span class='ocrx_word' id='word_1_322' title='bbox 256 3933 318 4023; x_wconf 63' lang='lat' dir='ltr'>iret</span> <span class='ocrx_word' id='word_1_323' title='bbox 339 3935 368 3985; x_wconf 71' lang='lat' dir='ltr'>el</span> <span class='ocrx_word' id='word_1_324' title='bbox 388 3933 554 4012; x_wconf 78' lang='lat' dir='ltr'>sexaginta,</span> <span class='ocrx_word' id='word_1_325' title='bbox 576 3956 595 3996; x_wconf 85' lang='lat' dir='ltr'>a</span> <span class='ocrx_word' id='word_1_326' title='bbox 616 3936 734 4021; x_wconf 78' lang='lat' dir='ltr'>Belgis,</span> <span class='ocrx_word' id='word_1_327' title='bbox 758 3942 903 4024; x_wconf 86' lang='lat' dir='ltr'>inquam,</span> <span class='ocrx_word' id='word_1_328' title='bbox 923 3955 1124 4026; x_wconf 85' lang='lat' dir='ltr'>occupatum,</span> <span class='ocrx_word' id='word_1_329' title='bbox 1149 3939 1238 4024; x_wconf 83' lang='lat' dir='ltr'>pulso</span> <span class='ocrx_word' id='word_1_330' title='bbox 1266 3935 1336 3999; x_wconf 89' lang='lat' dir='ltr'>Bal·</span> 
     </span>
     <span class='ocr_line' id='line_1_44' title="bbox 259 4007 1336 4109; baseline 0.011 -42"><span class='ocrx_word' id='word_1_331' title='bbox 259 4007 353 4069; x_wconf 85' lang='lat' dir='ltr'>dmno</span> <span class='ocrx_word' id='word_1_332' title='bbox 374 4013 517 4092; x_wconf 62' lang='lat' dir='ltr'>mundo,</span> <span class='ocrx_word' id='word_1_333' title='bbox 542 4018 663 4082; x_wconf 82' lang='lat' dir='ltr'>Graecis</span> <span class='ocrx_word' id='word_1_334' title='bbox 682 4025 810 4086; x_wconf 81' lang='lat' dir='ltr'>restituit</span> <span class='ocrx_word' id='word_1_335' title='bbox 840 4025 957 4109; x_wconf 79' lang='lat' dir='ltr'>sibique</span> <span class='ocrx_word' id='word_1_336' title='bbox 975 4028 1144 4108; x_wconf 81' lang='lat' dir='ltr'>usurpavit·</span> <span class='ocrx_word' id='word_1_337' title='bbox 1184 4022 1265 4082; x_wconf 86' lang='lat' dir='ltr'>Vide</span> <span class='ocrx_word' id='word_1_338' title='bbox 1281 4021 1336 4080; x_wconf 83' lang='lat' dir='ltr'>Ni·</span> 
     </span>
     <span class='ocr_line' id='line_1_45' title="bbox 259 4091 1337 4187; baseline 0.008 -34"><span class='ocrx_word' id='word_1_339' title='bbox 259 4091 424 4172; x_wconf 75' lang='lat' dir='ltr'>ceptorum</span> <span class='ocrx_word' id='word_1_340' title='bbox 447 4098 612 4180; x_wconf 77' lang='lat' dir='ltr'>Gregoram</span> <span class='ocrx_word' id='word_1_341' title='bbox 631 4103 684 4170; x_wconf 89' lang='lat' dir='ltr'>lib.</span> <span class='ocrx_word' id='word_1_342' title='bbox 705 4107 735 4168; x_wconf 77' lang='lat'>5.</span> <span class='ocrx_word' id='word_1_343' title='bbox 760 4119 791 4168; x_wconf 88' lang='lat' dir='ltr'>et</span> <span class='ocrx_word' id='word_1_344' title='bbox 808 4106 850 4187; x_wconf 72' lang='grc'>4.,</span> <span class='ocrx_word' id='word_1_345' title='bbox 873 4109 999 4171; x_wconf 85' lang='lat' dir='ltr'>Petrum</span> <span class='ocrx_word' id='word_1_346' title='bbox 1029 4111 1166 4170; x_wconf 81' lang='lat' dir='ltr'>Bizasum</span> <span class='ocrx_word' id='word_1_347' title='bbox 1192 4105 1231 4165; x_wconf 84' lang='lat' dir='ltr'>de</span> <span class='ocrx_word' id='word_1_348' title='bbox 1257 4101 1337 4165; x_wconf 83' lang='lat' dir='ltr'>bello</span> 
     </span>
     <span class='ocr_line' id='line_1_46' title="bbox 259 4173 1335 4275; baseline 0.009 -39"><span class='ocrx_word' id='word_1_349' title='bbox 259 4173 377 4239; x_wconf 85' lang='lat' dir='ltr'>Veneto</span> <span class='ocrx_word' id='word_1_350' title='bbox 397 4176 475 4240; x_wconf 84' lang='lat' dir='ltr'>libro</span> <span class='ocrx_word' id='word_1_351' title='bbox 495 4185 603 4264; x_wconf 89' lang='lat' dir='ltr'>primo.</span> <span class='ocrx_word' id='word_1_352' title='bbox 644 4188 741 4252; x_wconf 85' lang='lat' dir='ltr'>Docet</span> <span class='ocrx_word' id='word_1_353' title='bbox 769 4191 849 4253; x_wconf 82' lang='lat' dir='ltr'>idem</span> <span class='ocrx_word' id='word_1_354' title='bbox 870 4193 1018 4275; x_wconf 76' lang='lat' dir='ltr'>Gregoras</span> <span class='ocrx_word' id='word_1_355' title='bbox 1048 4192 1125 4254; x_wconf 86' lang='lat' dir='ltr'>libro</span> <span class='ocrx_word' id='word_1_356' title='bbox 1146 4200 1250 4263; x_wconf 73' lang='lat' dir='ltr'>sesto,</span> <span class='ocrx_word' id='word_1_357' title='bbox 1276 4205 1335 4271; x_wconf 85' lang='lat' dir='ltr'>quo</span> 
     </span>
    </p>
   </div>
   <div class='ocr_carea' id='block_1_4' title="bbox 0 0 1507 4678">
    <p class='ocr_par' dir='ltr' id='par_1_8' title="bbox 0 0 1507 4678">
     <span class='ocr_line' id='line_1_47' title="bbox 0 0 1507 4678; baseline 0 0"><span class='ocrx_word' id='word_1_358' title='bbox 0 0 1507 4678; x_wconf 95' lang='lat' dir='ltr'> </span> 
     </span>
    </p>
   </div>
  </div>
 </body>
</html>
