2926 4684
229 251 308 307 ιιι
656 236 939 307 csmtcuztm

63 401 136 458 1.ss
149 398 278 475 titurio
303 397 445 467 θάνατον
475 383 641 480 αἶρέἴσθαι
670 393 753 478 δπὲρ
774 395 834 458 rori
857 390 916 460 τὸν
936 393 1086 476 πολέμιον
1103 393 1147 482 τῷ
1166 394 1313 483 correp

222 494 360 587 desdorp
381 491 566 576 destinae,
600 491 699 577 χάριν
716 496 869 578 μεγιοτην
896 496 1098 559 καταθέσθαι
1133 492 1191 559 καί
1217 490 1315 558 παισί

221 602 278 665 καί
295 605 363 673 τοῖς
386 593 512 671 οἰκείοις
529 590 588 680 τήν
606 591 727 658 ἐκείνου
749 584 878 659 εὔνοιαν
897 598 1091 676 καταλιπεῖν,
1109 587 1216 679 οἵσπερ
1231 595 1313 676 δῆτα

221 703 278 767 καί
299 697 317 766 ὁ
336 694 541 783 Μερτζιιίνης
559 685 651 769 οὗτος
672 694 859 780 σαφέστατα
882 690 985 773 εἰδώς,
1004 688 1056 758 δτι
1078 694 1134 759 καί
1152 690 1251 768 αὐτὸς
1272 692 1312 756 ai-

223 804 428 877 ποθανεῖται,
458 791 554 878 ὅμως*
569 791 729 880 δφίστατο
758 790 817 876 τὴν
837 793 1055 877 ἐπιχείρησιν,
1078 789 1131 858 διὰ
1151 790 1211 874 την
1230 789 1340 876 πρὸςς

221 898 278 968 τὸν
300 895 455 982 Ὀρχάνην
484 888 610 959 εὔνοιαν
635 891 693 978 τὴν
721 893 841 959 οίκείαν
867 896 1026 977 σωτηρίαν
1046 890 1313 977 καταπροδιδοδς.

150 1040 156 1053 1
221 994 373 1085 βασιλεὺς
393 999 429 1062 δέ
450 992 469 1059 δ
488 989 762 1078 Καντακουζηνός,
784 988 856 1056 ἐπεὶ
874 987 1029 1076 ἤσθοὶνετο
1041 997 1240 1077 μηνυθεῖσαν
1251 989 1312 1075 τὴν

188 1101 283 1167 Danu*
302 1092 419 1170 παιδὸς
442 1091 629 1176 ἐπιβουλὴν,
653 1094 770 1158 ἐκεῖνον
790 1092 852 1173 μὲν
873 1093 997 1157 ἐκέλευε
1019 1088 1065 1176 μη
1085 1091 1187 1177 χωρίς
1208 1090 1313 1155 αὐτοῦ

222 1196 408 1283 προβαίνειν
424 1196 595 1276 βασιλείων
612 1191 691 1277 μήτε
715 1194 782 1272 νδν,
805 1189 883 1275 μήθ’
903 1184 1046 1275 ὕστερον,
1064 1192 1230 1280 Βυζαντίῳ
1249 1187 1313 1273 μά-

221 1305 314 1366 λιστα
335 1298 370 1362 ἐκ
389 1295 453 1360 τῶν
473 1288 646 1377 βαρβάρων
664 1293 827 1375 πρέσβεων
846 1291 1102 1376 ἐπιδημούντων·
1130 1289 1314 1376 Μερτζιιί-
1326 1321 1363 1363 10

221 1423 281 1483 νην
293 1398 340 1476 δὲ,
351 1401 484 1478 ταχείαν
497 1389 554 1477 τὴν
566 1387 735 1475 α’πόκρισιν
755 1389 965 1476 ποιησάμενος
978 1394 1033 1479 ἐφ’
1047 1382 1095 1468 οἷς
1111 1393 1313 1477 ἐπρέσβευεν,

222 1498 399 1578 ἀπέπεμπε.
447 1493 502 1557 διὰ
529 1488 649 1578 ταύτην
673 1483 732 1557 aiv
756 1488 815 1576 τὴν
834 1488 912 1576 πρὸς
934 1513 990 1557 τον
1008 1494 1078 1559 νέον
1097 1492 1233 1577 βασιλέα
1251 1496 1315 1558 τοῖν

222 1594 396 1681 βαρβάρων
419 1592 608 1674 δυσμένειαν
628 1586 686 1667 τοὶς
706 1585 847 1676 τριήρεις
866 1592 1043 1677 ἐφοπλίσας
1063 1587 1314 1676 παρεσκευάζετο

221 1695 280 1760 καί
293 1688 402 1770 αὐτός.
441 1689 570 1776 γνώμην
589 1690 626 1754 δέ
645 1683 740 1773 εἶχεν,
762 1687 807 1766 oie
826 1692 884 1755 ada
903 1692 963 1773 μὲν
983 1694 1017 1770 ἔξ
1037 1689 1157 1777 ἐφόδου
1178 1712 1314 1775 κακοορ·

221 1792 328 1881 φήσων
361 1814 395 1858 τε
420 1787 461 1856 τοὶ
488 1791 656 1876 Τριβαλιέν
682 1789 740 1854 καί
760 1791 991 1875 Θεσσαλονίκην
1011 1793 1075 1856 τῶν
1101 1786 1255 1854 κινδύνων
1274 1786 1313 1853 d·
1326 1794 1364 1860 15

222 1888 406 1973 παλλάξων·
437 1883 500 1977 ἤδη
518 1888 579 1975 γὰρ
602 1886 658 1955 καί
675 1892 751 1974 περί
769 1888 901 1973 ε’κβολοὶς
920 1892 980 1955 cosi
1003 1887 1211 1976 φθινοπώρου
1230 1890 1251 1974 ἦ
1271 1883 1315 1953 ὦ·

223 2019 266 2081 ρα
287 1986 345 2077 η’ν·
387 1987 496 2059 ἔπειτα
526 1991 661 2072 βασιλέα
690 1992 751 2072 μὲν
771 1986 831 2077 {eda
863 1990 933 2055 νέον
961 1990 1063 2055 ἐκεῖσε
1094 1986 1314 2070 καταλείπειν,

224 2090 323 2167 adeda
352 2092 389 2155 lt
413 2092 460 2167 είς
480 2085 661 2170 Βυζάντιον
694 2085 878 2155 ἐπανελθών
905 2087 961 2154 καί
990 2085 1315 2173 παρασκευασάμενος

222 2196 280 2259 τοῦ
301 2194 474 2277 χειμῶνος,
503 2186 584 2272 μεταΙ
607 2191 751 2272 μείζονος
771 2193 828 2275 τῆς
846 2192 1049 2275 παρασκευῆς
1068 2187 1126 2253 καί
1142 2183 1315 2273 χρονισοιὶ-

124 2295 154 2349 Ρ·
164 2295 213 2365 7⁶7
223 2317 282 2379 υης
306 2294 462 2358 ἐπελθεῖν.
510 2286 535 2355 d
553 2281 857 2379 τῇβασιλιδιἎυνη
879 2282 937 2354 udae
963 2281 1077 2375 ἤρεσκε
1105 2284 1314 2370 παντάπασιν,
1325 2308 1367 2353 ae

222 2391 306 2458 α’λλοὶ
329 2394 429 2459 ἐδεῖτο
452 2391 610 2475 βασιλέοος
629 2393 684 2456 καί
700 2388 843 2479 παρῄνει,
862 2388 908 2474 μή
929 2387 984 2456 τὸν
1004 2388 1076 2456 υἱὸν
1096 2392 1197 2455 ἐκεῖσε
1217 2414 1317 2454 κατα-

222 2494 359 2571 λείπειν,
390 2490 460 2555 ιέλλ’
485 2487 600 2574 ἔχοντα
629 2491 895 2576 ἐπαναστρέφειν.
935 2490 1074 2554 δεδιέναι
1094 2485 1157 2575 γὰρ
1177 2486 1317 2576 ἔφασκεν

224 2593 265 2657 οδ
285 2592 406 2674 μᾶλλον
426 2593 486 2655 τοῦ
504 2586 620 2665 παιδος
637 2587 693 2677 την
714 2587 838 2674 ἡλικίαν
859 2582 961 2655 οὖσαν
976 2587 1217 2675 adstanteme,
1241 2582 1316 2655 δεον

297 2717 340 2754 au.
357 2698 528 2753 ἐπανελθεῖν
544 2698 581 2751 Μ
599 2714 653 2768 mg.
693 2692 748 2754 οδν
764 2698 792 2751 Ρ.
863 2702 907 2759 εδ.
926 2699 1103 2764 denudamur
1121 2702 1157 2752 Μ.
1175 2716 1228 2765 mg.

226 2814 285 2851 non
302 2795 451 2866 potuerint
487 2792 547 2846 Mos
566 2795 639 2847 enim
657 2791 714 2844 illis
732 2799 809 2858 erat,
827 2808 885 2847 nou
902 2792 977 2862 apud
994 2801 1101 2846 exteros
1127 2800 1157 2846 et
1180 2794 1316 2865 alienige·

227 2884 278 2921 nas
303 2866 403 2931 modo,
430 2865 480 2919 sed
500 2864 531 2917 in
549 2880 598 2916 ana
615 2865 683 2916 item
708 2873 789 2936 gente
806 2863 966 2917 huiuamodi
993 2865 1101 2918 lacinus
1123 2866 1264 2934 designare
1286 2872 1316 2917 et

226 2946 327 3009 sponte
345 2954 393 2991 aua
412 2937 468 2990 leto
494 2945 578 3005 caput
603 2938 700 2987 olierre
729 2951 780 3004 pro
799 2951 850 2999 eo,
870 2934 1096 3006 quodiuimlcum
1115 2936 1247 3004 dynastae
1264 2950 1315 2988 suu

225 3010 414 3069 trucidantes,
440 3009 555 3077 gratiam
579 3006 683 3058 inirent
708 3006 854 3058 maximam
886 3004 1039 3077 liberisque
1058 3024 1090 3059 uc
1110 3008 1229 3059 iamiliue
1248 3021 1316 3058 suae

226 3079 450 3134 benevolentiam
460 3078 547 3140 illius,
563 3077 639 3129 velut
649 3078 845 3145 patrimonium
859 3076 1008 3146 quoddam,
1018 3078 1224 3150 relinquerent:
1244 3094 1317 3148 quo·

226 3152 311 3205 modo
330 3149 460 3203 nimirum
478 3149 560 3198 etiam
577 3143 624 3198 hic
641 3147 804 3199 Mertaiaues
820 3164 850 3201 se
868 3163 929 3200 cum
947 3151 1081 3219 sauguine
1093 3165 1196 3218 poenas
1209 3164 1317 3218 expeu-

228 3237 323 3273 auaum
344 3218 416 3270 nihil
437 3215 577 3283 dubitans,
594 3226 687 3270 tamen
704 3225 830 3271 conatum
850 3221 986 3289 suscepit,
1011 3229 1040 3273 et
1066 3237 1119 3290 qua
1138 3220 1244 3274 eratin
1263 3218 1318 3271 Or·

228 3290 343 3342 ebanem
362 3290 561 3359 propensione,
586 3288 702 3340 salutem
719 3305 796 3340 suam
813 3288 943 3358 prodidit
979 3294 1018 3345 lm
1039 3300 1130 3345 emtor
1152 3293 1319 3344 Cantacuae·

227 3379 280 3415 nus
304 3360 354 3414 ubi
376 3356 491 3412 insidias
509 3358 592 3410 iactas
611 3360 751 3426 coguovit,
776 3358 978 3414 adolescentem
1001 3308 1106 3433 absque
1124 3379 1154 3414 ae
1174 3375 1318 3432 nunqum

228 3441 307 3485 extra
325 3429 458 3501 palatium
476 3428 588 3500 prodire
605 3431 704 3493 voluit,
722 3430 894 3499 potissimum
908 3429 1088 3485 barbarorum
1103 3433 1199 3504 legatia
1214 3433 1318 3498 Bycen·

227 3504 263 3557 eii
281 3500 472 3567 ¹,versantibus5
499 3500 673 3554 Mertaianem
692 3517 774 3567 vero,
800 3503 927 3556 celeriter
949 3504 985 3556 ad
1006 3503 1170 3573 legationem
1184 3502 1249 3555 dato
1272 3518 1318 3555 re-

216 3590 339 3643 ·aponso,
356 3572 471 3627 dimisit.
512 3570 556 3625 Ob
579 3570 650 3625 hanc
666 3572 750 3643 igitur
768 3589 830 3643 erga
850 3575 986 3628 iuniorem
1005 3575 1198 3645 imperatorem
1215 3572 1318 3626 barba-

227 3660 321 3701 rorum
335 3643 544 3713 malignitatem,
562 3645 673 3696 armatis
691 3646 721 3696 in
740 3644 862 3697 triremes
880 3646 1027 3713 impositis,
1046 3651 1075 3698 et
1091 3648 1191 3715 ipsese
1205 3660 1318 3713 eompa-

227 3716 314 3773 rabat.
351 3712 477 3767 Habebat
495 3723 587 3768 autem
606 3715 784 3786 propositum,
801 3732 877 3770 nuuc
896 3715 1007 3787 quidem
1027 3718 1115 3785 primo
1132 3719 1237 3788 impetu
1252 3714 1318 3767 Tri-

226 3789 315 3841 ballos
343 3784 490 3839 obsidione
514 3784 653 3856 depellere
687 3795 716 3839 et
742 3786 964 3841 Thessalonicam
990 3787 1149 3841 discrimine
1176 3788 1319 3853 liberam

225 3860 281 3915 iam
303 3856 424 3911 enimet
444 3864 592 3909 autumnus
611 3858 784 3924 senescebat5
801 3858 902 3911 deinde
922 3859 1112 3929 imperatorem
1130 3862 1258 3913 iuvenem
1275 3856 1319 3909 ibi

224 3930 392 3998 relinquere,
411 3928 471 3998 lpse
487 3929 646 3996 Byzantium
664 3929 753 3983 redire
779 3937 808 3983 et
824 3944 875 3999 per
891 3928 1010 3983 hiemem
1037 3944 1066 3981 se
1084 3931 1237 3995 iustruere,
1274 3935 1319 3981 at»

246 4018 281 4053 ue
307 4015 367 4053 eum
391 3999 496 4052 maiore
522 4015 554 4050 ac
577 3998 749 4053 diuturniore
776 4007 907 4070 apparatu
933 4003 1051 4054 reverti:
1098 4002 1153 4053 uod
1178 4004 1318 4069 Augustae

223 4020 320 4125 dianae
339 4069 416 4123 nullo
434 4070 517 4124 modo
537 4070 720 4140 probabatur:
737 4071 907 4143 rogabatque
925 4080 954 4125 et
973 4072 1089 4125 admone
1110 4080 1148 4136 at,
1174 4089 1210 4125 ne
1227 4070 1318 4124 filium

224 4142 267 4196 ibi
283 4142 467 4215 relinqueret,
492 4140 542 4195 aed
561 4157 621 4199 cum
644 4157 678 4198 eo
714 4142 835 4198 redireta
866 4144 965 4198 timere
989 4143 1064 4198 euim
1089 4159 1119 4198 ae
1143 4158 1201 4198 non
1230 4144 1318 4213 magle
