2926 4684
442 276 730 344 HlSleARUM
757 281 813 349 IV·
836 285 888 351 lt.
1152 282 1209 369 97

118 427 218 513 rapite
245 417 411 515 άφὴνουν,
445 425 485 494 νά
507 428 748 516 καταφρονοῦν,
776 428 834 496 κατ’
850 426 889 496 νά
912 430 1066 516 separor,
1093 430 1151 499 eri
1170 426 1368 507 saec-1³4³

119 525 240 610 άχλαῖσι
270 524 348 604 reric
376 527 457 593 κατά
487 526 600 614 καιρόν
625 530 820 612 ἐρχομένους
864 532 911 606 οἷς
945 528 982 595 τά
1011 526 1089 596 αὐτὸ
1120 526 1212 615 άγιον

116 623 341 712 προσκάνημα,
363 623 385 712 ἢ
405 630 450 704 εἰς
469 625 545 704 τοάς
564 627 732 707 τοπικοάς·
763 625 844 694 silini
863 634 984 712 μᾶλλον
1005 627 1045 695 νά
1072 635 1208 715 τιμῶσι,

116 728 174 791 κατ’
187 723 228 791 νά
250 726 482 810 ἀναδέχονται,
502 728 560 792 καὶ
578 725 618 793 νά
639 731 836 813 κυβερνῶσιν
857 728 985 805 irrisorie,
1011 732 1067 794 καί
1090 730 1243 816 ὥρι’σα-Ι)

90 830 108 894 5
114 848 175 906 μιν
194 826 251 890 καί
268 821 441 911 άπληράθη
456 823 657 912 ὑψηλότατος
674 827 807 916 ὁρισμὸς
821 825 876 893 διά
890 826 929 893 τά
942 827 1106 914 ζητήματα
1125 826 1210 895 adrui

115 922 240 1000 ederis
265 921 363 992 τόπον
395 928 526 991 ἐκεῖνον.
567 927 664 991 πάλιν
693 929 739 1004 εἰς
757 924 792 992 τά
815 926 1043 1013 ἐνεάάμιζινῆ
1064 932 1213 1011 βασιλεία

116 1047 175 1089 σου
199 1025 220 1109 ἦ
242 1022 364 1110 μεγάλη
386 1020 442 1090 διά
464 1022 523 1110 την
544 1023 700 1092 ὑπόθεσιν
722 1029 779 1091 τοῦ
798 1024 997 1113 πατριάρχου
1020 1031 1079 1093 τοῦ
1098 1025 1214 1108 Λαζά-

116 1147 176 1208 ρου
204 1120 253 1188 ὅτι
281 1119 368 1207 εἶχεν
396 1125 594 1190 άποστιιλιιν
625 1120 728 1191 οὖσάν
759 1124 779 1190 ά
811 1125 1001 1211 ἦγιασμάνος
1022 1126 1163 1211 Σουλτάν
1193 1125 1214 1191 si

116 1221 231 1308 Μοληκ
255 1222 386 1309 Νάσαρ.
427 1222 544 1302 δθιάς
564 1222 768 1315 συγχωρήσαι
786 1225 827 1290 τά
850 1225 986 1310 κράματά
1006 1249 1063 1291 του
1086 1227 1132 1303 εἰς
1157 1225 1214 1302 τάς

74 1350 107 1393 ιο
117 1323 238 1408 ἡμέρας
259 1320 318 1398 τάς
341 1322 436 1405 ἁγίοις
458 1324 567 1389 αὐτοῦ.
608 1322 625 1388 o‘
647 1319 887 1410 άποκρισιάριος
904 1323 945 1390 νά
965 1330 1067 1415 διίξη,
1098 1323 1154 1391 καὶ
1171 1324 1212 1392 κά

114 1420 343 1508 πληροφορηση
367 1418 425 1506 τὴν
449 1420 590 1507 μεγάλην
615 1423 782 1507 βασιλείαν
810 1435 876 1489 σου
895 1422 950 1489 dmi
978 1423 1037 1511 την
1063 1424 1214 1511 τοιαύτην

112 1519 272 1586 ὑπόθεσιν
309 1516 395 1595 ὅπως
436 1521 573 1604 ἐγένετο,
607 1524 665 1587 καὶ
683 1517 899 1608 άπιπληράθη
927 1527 1031 1589 ἕνεκεν
1058 1527 1118 1590 rori
1147 1548 1214 1590 sos-

113 1623 214 1685 οάτου
243 1617 468 1705 πατριάρχου,
495 1620 643 1705 άπιλάθη
669 1626 747 1705 γοῦν
776 1619 910 1705 ὅρισμός
939 1618 1064 1708 άιγηλάς
1098 1626 1144 1699 εἰς
1170 1622 1210 1690 τά

111 1714 195 1804 άγια
210 1719 435 1805 Ἱεροσόλυμα,
461 1717 501 1783 κά
527 1722 682 1803 στέρνοισι
712 1719 766 1786 τὸν
787 1722 988 1806 πατριάρχην
1014 1719 1070 1786 τὸν
1097 1719 1308 1803 Arica-loss

70 1826 194 1905 15por‚
225 1822 282 1883 καί
310 1819 349 1884 νά
374 1816 429 1883 τάν
451 1816 641 1905 φυλάσσουσι
668 1819 761 1902 καλά,
791 1819 899 1897 καθώς
930 1823 988 1886 κατ’
1006 1818 1082 1897 roric
1101 1819 1213 1909 πράην

108 1917 330 2003 πατριάρχας.
350 1916 407 1983 καὶ
424 1916 653 2002 ὥρι’σαμενιιαι·
668 1921 832 2005 άγέυετσῆ
852 1917 1047 1995 κατάστασις
1066 1923 1124 1986 τοῦ
1142 1945 1213 1986 τοι·

110 2011 213 2081 adrev
232 2014 460 2101 πατριάρχου,
483 2016 539 2081 καί
558 2015 718 2101 α’πεστάλη
738 2018 795 2083 καί
815 2016 908 2095 ου’τὸς
927 2021 973 2095 οἷς
996 2017 1036 2084 τά
1060 2016 1136 2105 άγια
1150 2021 1212 2087 Ἱε-

111 2113 278 2201 ροσόλυμα
300 2114 382 2198 μετά
405 2120 462 2182 τοῦ
494 2110 749 2203 άποκρισιιιρίου.
789 2118 886 2182 πάλιν
904 2118 1058 2204 ἐζήτησεν
1087 2117 1104 2181 ὅ
1129 2119 1212 2185 cirro-

111 2212 290 2301 κρισιάριος
313 2218 368 2281 δια
390 2214 465 2291 rode
497 2215 738 2298 αἰχμαλώτους,
771 2218 884 2294 οἵτινες
914 2218 1114 2304 εὑρίσκονται
1144 2217 1208 2283 α’πό

68 2315 169 2399 assir
188 2314 304 2399 χάραν
323 2317 378 2399 τῆς
403 2317 598 2397 Ῥαμανιας,
622 2318 675 2380 ἵνα
696 2312 961 2401 ἐλιυθιράσιομιν
982 2315 1113 2393 αάτοάς.
1154 2320 1211 2383 καὶ

111 2416 205 2499 ἡμεῖς
236 2412 278 2480 νά
306 2415 443 2502 γνωρίσῃ
472 2414 660 2499 ἧβασιλεάα
680 2439 738 2481 σου
744 2465 755 2497 ,
785 2410 837 2480 ὅτι
863 2414 1015 2501 τοιαάτην
1036 2416 1210 2501 συνήθειαν

110 2514 255 2601 α’ρχαιλιν
273 2512 400 2599 εἴχομεν
425 2511 481 2579 διὰ
499 2511 538 2579 τά
561 2514 769 2596 αἰχμάλωτα,
795 2509 844 2580 ὅτι
872 2513 911 2582 νά
942 2518 1063 2600 γίνεται
1096 2517 1209 2581 αἰσολ-
1250 2558 1260 2577 .

110 2612 213 2703 loys),
235 2613 296 2680 sei
312 2612 354 2681 νά
375 2607 566 2697 άπολάοηιον
587 2614 679 2699 ἡμεῖς
702 2616 737 2696 ἐξ
758 2605 803 2681 ὧν
823 2614 958 2700 ἔχομεν,
987 2618 1044 2680 καί
1069 2616 1090 2700 ἡ
1113 2617 1308 2698 βασι-Ἄστη

179 2754 211 2791 a.
228 2734 352 2806 ιλχλοιῖσι
369 2734 397 2786 Ρ.

109 2840 228 2915 poribus
246 2839 282 2893 ad
301 2844 422 2891 sanctam
441 2835 670 2889 resurrectionem
690 2832 856 2889 adorandam
874 2849 907 2887 eo
925 2837 1109 2900 venirent,et
1125 2854 1209 2908 prae·

111 2915 190 2984 ripue
216 2911 264 2982 qui
284 2912 343 2963 illie
359 2910 483 2961 serviunt
500 2905 697 2968 Musulmanos,
714 2922 749 2957 ne
769 2906 872 2958 sineret
889 2907 1020 2959 conviciis
1038 2908 1158 2962 lacerare
1176 2923 1209 2962 ισ

109 2985 260 3038 verberare
277 2989 327 3033 aut
343 2980 401 3032 ulls
415 2979 541 3030 molestia
557 2976 672 3042 afficere,
698 2985 755 3028 tum
778 2991 835 3039 eos,
855 2978 904 3048 qui
919 2977 955 3029 ad
973 2985 1093 3032 mactm
1110 2980 1209 3033 adom·

110 3058 216 3111 tionem
235 3059 313 3105 certo
329 3060 453 3120 tempore
473 3047 640 3110 adveniunt,
656 3058 714 3101 tum
734 3063 796 3110 eos,
807 3048 856 3118 qui
874 3049 904 3101 in
921 3048 982 3101 loco
999 3048 1049 3102 illo
1068 3051 1207 3113 habitant,

112 3128 160 3181 sed
178 3128 277 3197 potius
295 3126 326 3176 in
344 3122 450 3174 honore
467 3119 532 3172 illos
550 3118 687 3172 haberent
715 3133 817 3189 eosque
844 3119 1030 3188 susciperent,
1049 3121 1206 3206 iisdemque

111 3200 311 3252 ministrarent„
347 3195 388 3245 lta
415 3191 573 3244 mmdrsom
598 3188 729 3250 anobis,
756 3196 838 3259 prout
862 3189 1024 3259 petebatur,
1052 3207 1135 3261 super
1152 3192 1204 3244 rlle

111 3269 171 3323 loeo
197 3272 402 3322 sacrosanctum
427 3271 470 3316 est
492 3261 605 3314 editum.
643 3257 725 3330 Quod
741 3275 806 3312 sero
827 3269 923 3330 postea
943 3279 993 3314 nos
1010 3263 1139 3316 maiestas
1157 3271 1207 3316 tua

112 3341 146 3394 de
163 3356 249 3393 eausa
268 3337 359 3389 Lazari
380 3332 552 3404 patriarchae
569 3331 729 3395 admonuit,
747 3348 829 3403 quern
846 3340 954 3384 sanctae
972 3334 1121 3386 memoriae
1140 3333 1206 3385 Sul-

110 3420 192 3464 tanus
210 3409 302 3463 Melea
321 3405 416 3469 Nusar,
438 3404 502 3455 dum
521 3404 640 3466 viveret,
665 3403 813 3473 (propitius
834 3404 870 3454 sit
887 3407 1005 3472 peccatis
1025 3405 1083 3456 eius
1102 3404 1208 3472 Deus,)

110 3482 213 3537 throno
234 3478 354 3549 depolit,
366 3485 398 3529 ut
415 3477 519 3545 legatus
537 3471 697 3536 docebitur
711 3475 820 3541 plenam
839 3472 920 3527 iidem
940 3474 1039 3536 faciet,
1050 3491 1105 3547 quo
1120 3475 1205 3526 modo

111 3561 232 3608 resecta
252 3552 306 3613 sit,
335 3556 365 3601 et
389 3562 472 3617 quem
497 3546 577 3598 finem
597 3543 741 3606 habuerit,
764 3545 876 3594 missurn
898 3553 971 3596 esta
990 3543 1072 3597 nobis
1090 3543 1205 3598 rnanda-

112 3632 169 3677 tan
196 3621 438 3689 Hierusolymam,
477 3624 509 3669 ut
537 3616 668 3668 Lazarum
699 3614 881 3685 patriarcham
915 3613 1038 3666 libenter
1066 3616 1209 3686 recipiant»

113 3711 234 3767 eumque
250 3693 328 3747 velut
344 3699 512 3759 antegressos
528 3686 696 3757 patriarchas
715 3685 876 3750 observent,
894 3687 944 3754 qul
963 3686 1043 3739 etiam
1063 3687 1123 3755 ipse
1142 3703 1204 3738 oum

112 3766 203 3837 legato
223 3764 442 3829 Hierosolymam
468 3760 566 3811 missus
591 3765 619 3808 et
637 3759 778 3809 restitutus
803 3764 852 3808 est
888 3756 1029 3808 Praeterea
1047 3765 1076 3810 et
1090 3756 1143 3809 hoe
1160 3757 1204 3808 le-

113 3848 190 3903 gatus
209 3843 301 3888 vester
314 3832 442 3904 petebat,
461 3831 511 3903 qui
537 3826 729 3881 invenirentur
747 3844 780 3879 ex
801 3827 917 3896 imperio
939 3829 1060 3879 Romarm
1084 3826 1204 3896 captivi,

112 3907 245 3961 libertate
264 3921 311 3958 eos
331 3913 362 3956 ut
378 3902 516 3954 donarem.
552 3899 609 3953 Nos
625 3907 730 3964 autem,
755 3906 788 3950 ut
805 3904 833 3949 et
850 3897 925 3949 istud
940 3897 1068 3951 maiestas
1085 3907 1133 3950 tus
1150 3915 1204 3952 no-

112 3982 201 4040 verit,
227 3975 404 4046 iampridem
423 3977 453 4025 in
473 3971 588 4042 captivis
609 3986 712 4024 rnorem
738 3968 812 4021 lrune
835 3967 984 4031 hebemus,
1012 3976 1045 4020 ut
1070 3985 1117 4021 eos
1135 3984 1205 4038 per-

111 4058 252 4100 mutemus
269 4053 300 4098 et
318 4046 499 4107 dimittamus,
528 4058 632 4114 quota
652 4040 731 4094 vobis
750 4037 901 4102 babemus,
923 4041 1098 4108 vicissimque
1118 4039 1206 4090 rnrie·

111 4129 170 4173 stas
187 4129 252 4181 tua,
270 4134 340 4189 quos
366 4134 382 4169 a
406 4114 487 4168 nobis
508 4113 600 4168 hebet.
637 4111 714 4183 Quin
739 4112 822 4163 etium
842 4111 877 4164 de
894 4110 950 4165 hoe
967 4111 1084 4163 consilio
1102 4111 1206 4161 certio·

110 4208 172 4245 rens
193 4197 225 4242 te
241 4190 298 4242 liert
330 4188 476 4252 iussimus,
502 4194 531 4240 et
552 4193 692 4259 quotquot
715 4182 821 4252 legatus
837 4182 956 4254 petivit,
974 4197 1021 4235 eos
1040 4179 1205 4233 manumisi·

151 4294 361 4349 canrarusrnus
378 4294 428 4348 111.
988 4303 1003 4354 ι
