2978 4678
252 268 337 378 374
630 288 940 354 muorsrronrs

166 466 170 472 ·
245 447 311 524 Qui
332 465 401 506 cum
422 447 454 504 iu
474 454 613 524 ternpus,
648 463 710 525 quo
739 453 836 504 mutua
855 440 987 502 Simonis
1014 436 1119 501 ardere
1148 436 1325 521 incipiebat,

247 528 424 602 incidisset,
461 526 593 609 puellam
622 546 657 585 ex
683 522 935 585 eo'Simonidem
963 531 1176 604 nuncupatam.
1213 522 1322 597 Aiane,

246 621 322 672 teste
346 614 492 692 Gregora,
513 619 600 690 pater
618 611 844 688 quinquennem
863 605 957 680 Graii,
967 605 1090 666 Serviae
1110 602 1225 686 regulo,
1245 626 1321 686 qua·

246 693 423 775 dragenario
442 703 580 773 quartam
591 712 713 751 uxorem
726 691 914 771 desponsam,
934 689 1029 768 domi,
1048 687 1146 748 ὀοηεο
1165 689 1232 747 viro
1243 698 1321 748 tem·

244 778 360 859 pestiva
384 775 535 852 evaderet,
555 774 741 834 educandam
762 774 854 835 dedit.
895 773 996 832 Invita
1024 769 1063 831 ad
1084 771 1226 830 maritum
1240 782 1322 851 pust-

244 858 989 1021 gequq.qupigigscpqffiqpuqupghgaegffiq
1004 852 1319 997 eettmffiffimfflgamu-

243 1026 325 1086 idem
344 1024 550 1101 Andronicus,
569 1023 690 1083 nomine
714 1023 841 1101 irenen,
863 1042 953 1102 quam
974 1020 1100 1081 loannes
1119 1019 1240 1095 Ducas,
1260 1021 1319 1080 Pe·

243 1107 395 1190 lasgorum
414 1118 445 1168 et
452 1104 664 1167 Thessalonica
683 1109 833 1188 princeps,
845 1101 1073 1182 uxoremduxit,
1095 1110 1131 1162 ut
1145 1099 1318 1184 estlihrup.

244 1191 326 1273 apud
345 1191 484 1251 eumdem
505 1191 681 1269 Gregoram.
700 1209 831 1250 rourum

326 1272 404 1355 Peg.
427 1293 474 1347 12,
491 1273 522 1332 3.
545 1273 599 1332 ad
616 1270 992 1333 MichaelPalaeol.
1006 1267 1224 1330 secuudum.
1247 1268 1316 1329 Pn‘,

242 1377 312 1417 mus
335 1377 369 1416 ex
381 1352 567 1435 Palaeoiogis
587 1353 716 1415 Michaei
734 1355 804 1432 fuit,
818 1352 985 1413 Audmuici
997 1373 1116 1434 pareus.
1155 1351 1313 1413 Secundus

242 1438 373 1499 Michuel
383 1434 654 1518 Palaeologusiuit,
672 1437 750 1498 iilius
758 1437 924 1497 Andronici
938 1436 1062 1497 senioris
1074 1446 1105 1496 et
1117 1437 1127 1494 i
1215 1436 1233 1449 “
1248 1455 1317 1494 con·

243 1542 320 1581 sors.
347 1517 390 1581 Τό
403 1520 559 1581 seumdssm
577 1520 737 1581 adnomen
753 1529 783 1580 et
793 1519 928 1580 ordinem
940 1519 971 1578 in
981 1521 1109 1601 imperio
1169 1516 1317 1577 mundum

243 1615 306 1665 est:
320 1624 376 1663 nee
384 1606 466 1665 enim
476 1614 542 1683 post
550 1613 666 1683 patrem
677 1602 897 1678 Andronicum,
907 1601 960 1662 sed
970 1621 1041 1661 cum
1054 1600 1316 1682 patreimperavii.

242 1688 289 1747 itu
309 1706 370 1747 non
391 1688 496 1746 tertius
516 1706 533 1745 a
576 1687 663 1757 diuo,
688 1685 740 1746 sed
760 1684 907 1747 secundus
927 1695 1114 1744 numeratur.
1134 1702 1266 1744 roncas.

325 1767 401 1848 Pag.
418 1789 464 1840 ra,
482 1771 513 1831 3.
565 1762 583 1845 l
606 1764 662 1828 καί
680 1768 750 1828 add.
770 1770 817 1829 M.
836 1777 904 1849 post
922 1756 1010 1847 ἄχρι.

164 1924 170 1931 ¹
325 1849 518 1931 Pergami.
551 1851 772 1935 complures
809 1850 1117 1932 diligentissime.
1168 1849 1315 1930 Georgius

240 1932 482 2015 Pachymerius,
519 1930 667 2013 Gregoras
696 1945 727 1994 et
750 1938 849 2014 (quem
869 1954 960 2012 penes
987 1953 1019 1993 se
1040 1952 1132 1993 manu
1161 1942 1314 1992 exaratum

241 2038 303 2077 esse
327 2014 457 2076 affirmat
476 2016 509 2075 in
527 2014 680 2077 Pundecte
700 2015 843 2078 historiae
862 2016 1144 2077 Turcicaeloaunes
1163 2013 1313 2075 Leuncla-

240 2101 318 2177 vius)
340 2109 461 2179 praetor
479 2098 633 2159 Graeciae.
677 2099 735 2159 Hic
762 2110 882 2181 praetor
910 2117 1059 2159 annorum
1078 2095 1206 2180 amplius
1231 2118 1313 2158 scra·

239 2185 322 2262 ginta
341 2182 522 2259 historiam,
546 2202 565 2241 a
584 2193 670 2262 capta
689 2184 834 2242 nimirum
855 2179 1114 2262 Constantinopoli
1133 2201 1154 2242 a
1173 2179 1315 2241 Flandris

146 2308 150 2321 .
238 2264 393 2346 usquead
414 2263 550 2326 eamdem
569 2286 588 2325 a
610 2264 757 2326 Michaele
771 2264 951 2346 Palaeologo
970 2275 1119 2345 receptam
1137 2263 1313 2345 composuit.

239 2350 300 2423 Qui
322 2357 475 2429 praeterea
495 2346 547 2408 illa
568 2358 704 2431 tempora
723 2351 872 2430 persecuti
896 2350 976 2426 sint,
1006 2349 1121 2408 nescire
1137 2368 1186 2408 me
1207 2348 1312 2408 fateor·

239 2449 369 2495 aornar.

319 2513 396 2592 Pag.
412 2532 458 2586 aa,
472 2534 503 2596 7.
524 2512 817 2597 praedictorum
831 2517 1034 2575 criminum
1050 2516 1123 2574 rei.
1145 2510 1310 2573 Haeccon-

236 2606 284 2654 trn
303 2594 469 2676 Gregnram
499 2597 662 2678 imprimis,
695 2618 786 2680 quem
804 2608 835 2659 et
854 2596 907 2658 lib.
935 2595 966 2676 d.
988 2617 1052 2677 cap.
1072 2595 1124 2676 mi.
1146 2606 1176 2656 et
1191 2594 1242 2656 25.
1275 2604 1312 2654 ut

236 2676 392 2737 hominem
425 2678 685 2740 mendacissimam
710 2682 883 2743 insectatur.
928 2680 1080 2742 Eumdem
1108 2675 1200 2761 paulo
1232 2677 1313 2739 inira

235 2762 345 2820 iterum
365 2764 474 2841 tangit,
494 2783 564 2822 cum
584 2784 632 2823 res
650 2762 897 2824 Andronicnrum
917 2765 988 2823 satis
1007 2766 1141 2844 cognitas
1161 2772 1192 2822 et
1207 2759 1312 2842 explo-

234 2855 315 2904 ratas
336 2844 475 2905 hahuisse
497 2846 662 2915 etidcirco
679 2849 899 2928 'incorruptam
920 2847 1078 2906 veritatem
1106 2846 1237 2927 attigisse
1255 2864 1311 2903 ne·

234 2940 296 3006 gat.
339 2927 420 2988 Sane
442 2948 504 2988 uon
526 2949 621 3010 pauca
644 2928 681 2988 ad
698 2931 823 2993 iuniorIs
842 2928 1007 2989 Andronici
1028 2927 1153 3010 gloriam
1173 2938 1311 3006 qiectan·

233 3010 276 3069 tia
297 3010 495 3070 dissimulavit
521 3022 572 3070 aut
604 3014 792 3091 ignorantia,
828 3023 881 3071 aut
904 3011 962 3071 iide
980 3032 1042 3071 non
1061 3011 1150 3073 hona.
1189 3010 1237 3069 De
1255 3028 1310 3069 eo·

234 3092 303 3153 dem
334 3092 476 3157 historico
511 3093 694 3175 praefatione
729 3095 768 3156 ad
804 3094 947 3157 lectorem
978 3092 1068 3176 plura
1106 3094 1311 3158 dusaunm

233 3194 365 3235 courir.

316 3256 393 3337 Peg.
413 3278 461 3336 ra,
478 3257 507 3320 8.
530 3257 647 3337 ἀληθὲς
667 3262 712 3322 Μ.

315 3337 391 3419 Peg.
413 3360 461 3414 ra,
484 3343 532 3404 15.
554 3340 608 3418 τῆς
631 3342 702 3405 add.
722 3345 766 3403 Μ.
789 3355 858 3405 ante
878 3342 1012 3426 εἰρήνης.
1214 3403 1219 3413 ,

312 3421 387 3501 Png.
411 3425 460 3500 13,
483 3421 513 3501 4.
537 3422 709 3502 Thomas,
722 3428 908 3508 principi
923 3427 1184 3491 Acarnaniae.
1206 3426 1308 3489 Parra

210 3501 317 3584 *Epiri
329 3506 411 3584 regio
419 3504 599 3566 Acarnania.
642 3506 729 3588 Epiri
750 3519 780 3568 et
798 3507 933 3570 Aetoliae
952 3514 1118 3595 principem
1138 3510 1210 3570 facit
1230 3512 1308 3572 Gre-

230 3606 317 3664 goras
337 3585 390 3650 lib.
406 3588 448 3686 ⁸⁰.
465 3598 494 3650 et
514 3589 636 3649 Annam
656 3601 723 3671 post
741 3593 841 3653 mariti
860 3612 962 3654 necem
989 3596 1099 3672 Contu,
1123 3594 1186 3654 eius
1205 3594 1308 3676 nepoti

229 3688 264 3727 uc
283 3690 461 3752 percussori,
485 3675 618 3752 nupsisse
641 3687 863 3742 commemorat.
884 3696 1013 3740 rounam

311 3751 389 3836 Pag.
403 3755 489 3823 13.6.
509 3755 847 3840 Sphentistllabo‚
864 3760 1084 3824 Moesorum
1102 3761 1193 3840 regi.
1227 3759 1306 3821 Gre-

228 3854 315 3915 gorns
329 3837 384 3915 ait,
393 3837 589 3920 Bulgaroram
600 3842 737 3924 principi.
760 3844 906 3904 Moesiam
920 3847 1000 3906 euim
1012 3844 1305 3927 superiorem,cuius

227 3919 408 3981 creberrima
428 3924 460 3983 in
481 3921 527 3984 hia
551 3923 637 3985 libris
649 3927 772 3999 mentio,
794 3938 863 3987 sunt
883 3929 936 4008 qui
955 3929 1144 4004 valachiam,
1160 3937 1230 3990 sunt
1250 3927 1305 4008 qui

228 4003 413 4065 Moldaviom
449 4016 502 4067 aut
532 4006 701 4088 Balgariam
734 4010 823 4070 fuisse
848 4010 957 4076 dicant.
998 4013 1045 4074 lta
1077 4012 1173 4071 Moesi
1199 4020 1302 4083 eruut,

227 4089 280 4163 qui
312 4089 526 4150 recentioribus
546 4090 671 4155 Valachi
704 4102 756 4152 aut
781 4093 939 4171 Moldavi,
972 4107 1029 4159 aut
1052 4094 1142 4155 eiiam
1163 4092 1220 4153 Bul
1264 4094 1302 4152 ti.

228 4169 298 4245 Quo
328 4182 429 4236 mmeu
461 4174 605 4254 nomine,
636 4173 835 4259 Balgarorum
870 4180 1016 4260 iuquam,
1046 4176 1097 4239 alii
1132 4114 1302 4252 uitalia,
