2900 4676
382 274 384 281 ,
430 326 795 396 auctmentum
829 330 903 392 ms.
920 332 976 394 111.
1156 301 1233 388 521

158 476 289 570 rumque
315 480 512 547 nvunuones
537 484 666 562 attinet,
721 484 798 544 rimo
822 482 959 544 omnium
990 480 1239 548 considerandam

158 592 223 633 esse
244 568 334 631 fidem
354 568 436 645 eius,
464 568 520 648 qui
547 567 605 628 sibi
626 587 680 628 rer
726 570 840 627 tionem
860 566 1006 627 divinitus
1023 566 1134 628 factam
1153 568 1238 628 affir-

158 665 246 730 mat,
265 672 340 714 num
360 650 500 712 videlicet
525 650 565 710 sit
590 649 771 724 catholicus,
794 670 868 710 uum
895 649 1085 725 haereticus,
1109 672 1183 711 num
1204 674 1238 713 e-

157 736 291 798 thnicus.
311 736 353 796 Et
370 736 397 795 si
416 734 539 816 quidem
553 754 571 793 a
583 754 656 813 vera
675 733 733 794 lide
753 731 940 810 sitalieuus,
961 753 1102 816 maguam
1121 736 1238 796 cautio-

157 838 229 880 nem
248 818 450 879 adhibendam
466 860 475 893 ,
498 837 538 878 ne
550 815 701 877 vfallamur
726 815 766 878 ob
796 814 949 897 decipulas
968 815 1187 878 haereticorum
1204 828 1240 878 et

159 902 417 963 schismaticorum
429 945 438 980 ,
450 918 526 981 quas
546 900 677 960 incautis
695 900 728 959 iu
749 898 807 960 boc
824 910 1002 982 argumento
1023 901 1237 981 paranttdum

156 988 255 1048 varias
274 984 430 1062 visiones,
450 981 670 1063 revelationes,
700 981 819 1043 dirime
847 984 1007 1043 instinctus
1032 993 1064 1043 et
1093 982 1237 1064 impubes

157 1068 524 1145 comminiscuntur,oum
538 1086 600 1126 non
612 1087 632 1127 a
654 1066 763 1147 spiritu
772 1067 850 1143 Dei,
863 1066 917 1127 sed
928 1066 969 1126 ab
980 1065 1033 1127 illo
1047 1110 1056 1145 ,
1070 1068 1123 1148 qui
1138 1069 1236 1129 omnis

156 1151 357 1233 improbitatis
374 1159 480 1210 auctor
500 1159 545 1210 est
561 1159 593 1211 et
608 1149 799 1223 architectus,
821 1160 960 1231 agantur.
1001 1148 1082 1233 Lege
1090 1147 1236 1212 .Delriuu1

153 1246 292 1297 ausuum
311 1243 387 1293 tom.
400 1253 432 1292 a.
447 1233 634 1314 Magicarum
642 1233 889 1315 disquisitionum
907 1235 1096 1314 cap.1.,q.3.
1116 1244 1190 1294 sect.
1202 1254 1237 1295 a.
1332 1299 1336 1311 ,

239 1317 316 1394 Quis
339 1315 475 1387 dubitet,
497 1313 609 1376 multos
629 1336 665 1376 ex
691 1316 886 1378 schismaticis
915 1317 979 1375 istis
1005 1315 1128 1392 fecisse,
1152 1318 1237 1398 quod
1279 1310 1282 1327 '

152 1397 225 1461 fecit
243 1398 317 1460 olim
331 1398 488 1481 presbyter
499 1398 679 1478 Βουαῑίεῐα,
694 1399 748 1481 qui
769 1409 805 1459 ut
825 1397 919 1459 alium
941 1397 981 1457 ad
999 1399 1112 1460 Donati
1135 1411 1236 1463 castra

151 1482 342 1559 badacerct,
363 1480 584 1554 mentiebatur,
606 1480 747 1563 angelum
769 1482 827 1542 sibi
848 1481 1022 1563 apparuisse
1041 1493 1072 1543 et
1089 1484 1235 1563 imperas-

153 1585 188 1627 se
200 1612 211 1643 ,
233 1576 270 1626 ut
290 1566 392 1648 ipsum
410 1566 521 1646 scripta
540 1564 665 1647 epistola
690 1564 730 1625 ad
753 1564 981 1626 Donatistarum
1011 1577 1112 1647 partes
1140 1584 1236 1628 voca-

15 1646 18 1655 ’
151 1658 214 1709 ret.
254 1648 400 1731 laquem
419 1646 545 1730 pulchre
564 1658 685 1708 sanctus
704 1647 892 1729 Augustinus
921 1645 1057 1710 scribens
1087 1648 1126 1709 ad
1145 1648 1235 1711 illum
1276 1684 1278 1688 ·

16 1748 19 1755 ’
152 1731 322 1812 ipsum,ad
336 1750 427 1813 wem
437 1730 594 1814 presbyter
604 1731 762 1791 Donatista
773 1728 888 1790 litteras
905 1729 1038 1798 dederat.
1057 1731 1094 1792 st
1111 1732 1165 1793 tui
1174 1733 1235 1818 ipsi

17 1848 22 1889 t
152 1814 275 1892 angelate
288 1814 460 1888 αᾱεῐίεἱννει,
478 1835 566 1899 quem
577 1813 635 1874 atti
651 1813 702 1872 itte
718 1826 845 1897 propter
858 1826 886 1874 te
899 1811 1064 1890 αᾱννιὶιὶννι,
1089 1830 1234 1899 quantum

151 1896 355 1976 arbitramur,
371 1909 470 1957 musta
490 1898 622 1956 nouitate
636 1894 794 1979 corfingit,
822 1910 853 1956 et
872 1897 945 1956 haec
962 1899 1030 1980 ipso
1055 1897 1112 1959 titi
1131 1899 1234 1961 dixis·

12 1998 18 2009 ·
151 1991 212 2052 ret,
239 1998 316 2061 quae
336 1981 389 2039 rste
407 1978 547 2038 mandato
566 1979 649 2038 utun
669 1978 723 2038 tibi
747 1999 779 2039 se
797 1980 952 2041 inimare
964 1980 1060 2041 dicit:
1085 1994 1238 2079 oporteret

150 2073 179 2122 te
197 2059 389 2145 Apostolicce
408 2062 568 2122 renunciet
587 2081 744 2122 mentorem
756 2060 854 2147 fieri,
872 2082 950 2146 qaue
967 2065 1029 2124 uit:
1049 2063 1134 2125 Licet
1150 2086 1232 2144 nos,

149 2155 206 2205 aut
233 2145 353 2226 angebo
383 2144 423 2205 de
448 2145 528 2204 coelo
544 2143 628 2205 vobis
651 2145 910 2224 evangelizaverit
929 2158 1055 2229 pmeter
1072 2146 1125 2221 iel,
1151 2147 1236 2231 qzsod

148 2228 418 2309 migetianorum
449 2226 550 2301 νυὸν,
572 2227 731 2288 mumma
749 2228 800 2289 rit.
842 2226 924 2289 Haec
944 2239 1065 2291 sanctus
1084 2228 1233 2312 Augusti·

11 2316 17 2345 ²
149 2330 209 2373 nus
231 2313 318 2392 epist.
335 2309 406 2378 165,

235 2395 315 2455 Mira
334 2394 415 2455 canit
432 2391 612 2457 Philotbeus
632 2393 672 2456 de
692 2391 849 2456 monacbis
868 2394 980 2454 montis
999 2392 1084 2455 Atho
1099 2396 1133 2456 in
1163 2417 1233 2460 ora·

151 2477 236 2538 tione
251 2497 298 2543 ra.
322 2488 428 2539 conua
452 2476 644 2561 Gregoram,
666 2480 753 2560 qnasi
774 2475 949 2560 prophetiae
963 2477 1045 2538 dono
1066 2479 1231 2543 claruerint
1334 2496 1338 2513 ⁴

151 2570 183 2621 et
202 2570 266 2621 tam
289 2561 370 2635 vivi,
394 2580 486 2643 wem
505 2563 618 2623 mortui
635 2560 780 2623 miracula
799 2558 935 2622 hamat.
976 2560 1036 2622 Sed
1049 2560 1231 2627 Philotlneus

150 2643 211 2704 fuit
229 2643 303 2705 olim
322 2664 403 2704 unus
423 2664 457 2704 ex
480 2641 637 2722 illis3nou
658 2647 757 2728 potuit
776 2646 878 2707 minus
898 2644 1016 2724 facere,
1031 2642 1155 2707 laudare
1174 2647 1231 2709 de·

11 2762 26 2811 1,
141 2724 263 2806 bebat,
285 2748 320 2788 ex
362 2746 469 2788 uorum
491 2726 648 2811 disciplina
671 2727 833 2809 prodibat:
871 2723 913 2801 ὥς
941 2726 997 2788 καί
1016 2722 1107 2788 aunt
1126 2726 1229 2809 δήπου

148 2808 243 2911 naabp
264 2830 310 2887 μα
387 2830 420 2883 ες
442 2803 573 2889 ἔχομεν,
609 2813 685 2889 παρ’
698 2805 827 2883 ἐκείνοις
847 2803 933 2881 ὄντες
961 2805 1060 2871 πάλαι
1078 2816 1145 2884 τοῖς
1163 2832 1231 2888 μα-

149 2910 283 2971 καριοις.
325 2894 381 2953 His
395 2904 494 2954 tamen
514 2895 638 2955 minime
658 2893 820 2976 impeditus
839 2895 989 2975 Gregoras
1008 2902 1038 2952 et
1057 2892 1133 2970 alii,
1157 2896 1229 2976 qui-

148 2971 207 3034 bus
229 2977 357 3037 istorum
381 2978 445 3037 vita
464 2997 525 3037 non
547 2987 612 3037 erat
635 2977 806 3060 incognita,
839 2976 938 3039 dicere
964 2973 1123 3038 solebant:
1146 2977 1229 3054 psai-

147 3053 203 3129 δος
224 3047 413 3121 electuaria
434 3057 490 3120 καί
512 3052 682 3138 πλάσματα
701 3055 757 3120 καί
775 3046 871 3138 ὄχλον
890 3049 1042 3142 ῥημάτων
1063 3055 1170 3130 ἅπλῶς
1187 3054 1227 3122 roi

21 3114 30 3175 l
145 3135 222 3220 περὶ
247 3137 374 3202 ἐκείνων
402 3136 553 3220 λεγόμενα
583 3136 697 3204 πάντα.
742 3142 807 3203 Nec
836 3142 891 3203 abs
915 3161 949 3201 re
978 3141 1033 3201 ista
1067 3140 1228 3224 dicebant,

145 3225 481 3311 quocumqueqtandena
501 3227 602 3286 animo
625 3225 700 3286 haec
718 3225 853 3286 dicerent
874 3235 904 3286 et
924 3236 1099 3306 spargerent
1119 3246 1130 3285 ε
1155 3245 1229 3287 nam

29 3362 31 3369 Α
146 3324 182 3366 cx
205 3305 285 3368 libro
305 3310 404 3388 primo
426 3308 626 3369 Cantacuzeni
646 3311 741 3370 nostri
761 3307 886 3390 planum
905 3307 956 3385 iit,
974 3328 1066 3390 vam
1086 3308 1229 3371 monachi

133 3389 193 3448 ¹isti
229 3400 260 3451 et
284 3382 496 3488 .Hesyclnastae
536 3411 631 3472 prope
655 3391 694 3452 ad
722 3390 971 3469 Massalianorum
1008 3393 1229 3454 institutionem

19 3521 22 3531 .
145 3491 215 3532 oum
243 3494 299 3534 suo
319 3495 419 3537 amero
439 3494 501 3555 quo
530 3472 661 3551 lumina,
684 3474 875 3556 precantibus
897 3485 928 3537 et
954 3474 1228 3556 contemplantibus

13 3594 18 3603 ·
145 3553 235 3615 obiici
256 3555 366 3631 solito,
391 3557 579 3619 accesserint.
619 3557 661 3618 Et
684 3570 813 3639 quantae
830 3557 899 3618 fidei
919 3567 964 3619 est
983 3557 1115 3638 sabella,
1135 3576 1228 3640 quam

147 3636 324 3699 Philotheus
356 3651 462 3701 narrat
496 3639 534 3701 de
562 3638 687 3701 Palama
707 3639 998 3720 Constantinopolim
1024 3640 1226 3722 adventante,

128 3727 246 3803 'mame
263 3721 334 3782 fidei
368 3723 393 3782 si
420 3732 451 3783 et
479 3733 578 3784 cetera
598 3721 751 3784 Philotbei
775 3722 869 3783 lector
888 3721 1071 3801 arbitretur,
1094 3724 1224 3803 nullam,

145 3803 271 3882 opinor,
292 3805 409 3866 auctori
427 3804 569 3866 iniuriam
588 3805 686 3865 faciet.
727 3806 805 3883 ait,
830 3804 988 3866 Palamam
1007 3825 1063 3888 per
1080 3828 1164 3869 snare
1183 3807 1226 3869 ab

143 3883 258 3966 angelis
275 3892 451 3950 comitatum
473 3909 536 3948 uon
557 3890 621 3949 sine
640 3887 759 3949 caelesti
781 3886 931 3990 melodia,
959 3883 1003 3959 ὥς
1027 3889 1084 3951 καί
1101 3886 1225 3952 κατιόν-

10 3992 16 4042 ³.
142 3986 177 4026 τι
196 3964 284 4045 παρὰ
304 3966 380 4045 τούς
399 3970 456 4053 τῆς
474 3968 635 4048 βασιλίδος
649 3969 712 4031 τῶν
730 3962 852 4032 πόλεων
865 3990 981 4053 ταντης
999 3970 1128 4050 λιμένας
1146 3994 1222 4035 σνν-

141 4048 357 4127 εξακούεοθαί
374 4075 439 4118 τισι
468 4052 533 4115 τῶν
553 4049 698 4151 εὔλνβῶν
716 4048 789 4115 τότε
808 4048 884 4126 τούς
903 4046 1023 4132 ὕμνους
1052 4054 1174 4155 upp'agi
1192 4075 1223 4113 ι.

135 4133 229 4205 uicta
258 4128 410 4217 ἓστηκόσι.
452 4131 482 4199 oi
517 4131 573 4197 sai
597 4155 633 4197 το
655 4131 765 4198 καινὸν
787 4135 887 4198 ἐκεῖνο
914 4136 970 4222 τῆς
998 4157 1106 4217 nouae
1135 4136 1220 4221 φῆς

138 4233 175 4277 rs
193 4211 250 4279 aci
269 4219 324 4281 τοῦ
341 4218 458 4299 μέλους
479 4209 773 4301 ἆποθνυμάζοντες,
809 4212 919 4283 καινόν
943 4218 1003 4299 μέν
1020 4238 1052 4282 ra
1072 4218 1128 4282 καὶ
1145 4208 1222 4281 ains·
