<?xml version="1.0" encoding="UTF-8"?>
<!DOCTYPE html PUBLIC "-//W3C//DTD XHTML 1.0 Transitional//EN"
    "http://www.w3.org/TR/xhtml1/DTD/xhtml1-transitional.dtd">
<html xmlns="http://www.w3.org/1999/xhtml" xml:lang="en" lang="en">
 <head>
  <title>
</title>
<meta http-equiv="Content-Type" content="text/html;charset=utf-8" />
  <meta name='ocr-system' content='tesseract 3.04.00' />
  <meta name='ocr-capabilities' content='ocr_page ocr_carea ocr_par ocr_line ocrx_word'/>
</head>
<body>
  <div class='ocr_page' id='page_1' title='image "./ioanniscantacuz03joangoog_0534.png"; bbox 0 0 2900 4676; ppageno 0'>
   <div class='ocr_carea' id='block_1_1' title="bbox 418 291 1218 410">
    <p class='ocr_par' dir='ltr' id='par_1_1' title="bbox 418 291 1218 410">
     <span class='ocr_line' id='line_1_1' title="bbox 418 291 1218 410; baseline -0.011 -22"><span class='ocrx_word' id='word_1_1' title='bbox 418 324 474 388; x_wconf 78' lang='grc' dir='ltr'><strong>ΑΙ)</strong></span> <span class='ocrx_word' id='word_1_2' title='bbox 501 320 782 390; x_wconf 73' lang='grc' dir='ltr'><strong>οΔΝΤΔῦυΖΕΝι</strong></span> <span class='ocrx_word' id='word_1_3' title='bbox 809 322 884 387; x_wconf 75' lang='lat' dir='ltr'><strong>tut.</strong></span> <span class='ocrx_word' id='word_1_4' title='bbox 908 326 951 387; x_wconf 86' lang='lat'><strong>11.</strong></span> <span class='ocrx_word' id='word_1_5' title='bbox 1136 291 1218 410; x_wconf 70' lang='lat'><strong>507</strong></span> 
     </span>
    </p>
   </div>
   <div class='ocr_carea' id='block_1_2' title="bbox 143 464 1226 967">
    <p class='ocr_par' dir='ltr' id='par_1_2' title="bbox 143 464 1226 967">
     <span class='ocr_line' id='line_1_2' title="bbox 143 464 1224 571; baseline -0.002 -36"><span class='ocrx_word' id='word_1_6' title='bbox 143 467 308 555; x_wconf 70' lang='grc' dir='ltr'><strong><em>μακάριος.</em></strong></span> <span class='ocrx_word' id='word_1_7' title='bbox 331 474 384 540; x_wconf 71' lang='lat'><strong>25.</strong></span> <span class='ocrx_word' id='word_1_8' title='bbox 398 464 447 534; x_wconf 82' lang='grc' dir='ltr'><strong>ὅτι</strong></span> <span class='ocrx_word' id='word_1_9' title='bbox 471 468 583 546; x_wconf 61' lang='lat' dir='ltr'><strong>testa</strong></span> <span class='ocrx_word' id='word_1_10' title='bbox 606 470 691 535; x_wconf 75' lang='lat' dir='ltr'><strong>lustr</strong></span> <span class='ocrx_word' id='word_1_11' title='bbox 712 464 733 571; x_wconf 67' lang='grc' dir='ltr'><em>ἦ</em></span> <span class='ocrx_word' id='word_1_12' title='bbox 756 470 951 554; x_wconf 60' lang='lat' dir='ltr'><strong>perspectae</strong></span> <span class='ocrx_word' id='word_1_13' title='bbox 970 467 1081 533; x_wconf 63' lang='grc' dir='ltr'><strong><em>αὐτοῦ.</em></strong></span> <span class='ocrx_word' id='word_1_14' title='bbox 1105 471 1157 536; x_wconf 78' lang='grc' dir='ltr'><strong>νδ.</strong></span> <span class='ocrx_word' id='word_1_15' title='bbox 1174 466 1224 534; x_wconf 75' lang='grc' dir='ltr'><strong>ὅτι</strong></span> 
     </span>
     <span class='ocr_line' id='line_1_3' title="bbox 143 548 1223 657; baseline -0.002 -38"><span class='ocrx_word' id='word_1_16' title='bbox 143 557 244 627; x_wconf 79' lang='grc' dir='ltr'><strong><em>ταῦτα</em></strong></span> <span class='ocrx_word' id='word_1_17' title='bbox 264 552 302 629; x_wconf 69' lang='grc' dir='ltr'><strong>τοὶ</strong></span> <span class='ocrx_word' id='word_1_18' title='bbox 325 550 540 634; x_wconf 79' lang='grc' dir='ltr'><strong><em>ῦνόμαιαοῦκ</em></strong></span> <span class='ocrx_word' id='word_1_19' title='bbox 562 550 625 617; x_wconf 75' lang='grc' dir='ltr'><strong><em>εἰσί</em></strong></span> <span class='ocrx_word' id='word_1_20' title='bbox 642 572 823 631; x_wconf 65' lang='lat' dir='ltr'><strong>coruscare.</strong></span> <span class='ocrx_word' id='word_1_21' title='bbox 856 577 908 639; x_wconf 80' lang='lat'><strong>27.</strong></span> <span class='ocrx_word' id='word_1_22' title='bbox 927 548 1059 657; x_wconf 73' lang='lat' dir='ltr'><strong>adreptis</strong></span> <span class='ocrx_word' id='word_1_23' title='bbox 1078 548 1223 617; x_wconf 73' lang='grc' dir='ltr'><strong><em>συνωνῦ·</em></strong></span> 
     </span>
     <span class='ocr_line' id='line_1_4' title="bbox 144 626 1224 720; baseline 0 -21"><span class='ocrx_word' id='word_1_24' title='bbox 144 660 213 717; x_wconf 76' lang='grc' dir='ltr'><strong><em>μοις</em></strong></span> <span class='ocrx_word' id='word_1_25' title='bbox 238 637 359 720; x_wconf 59' lang='lat' dir='ltr'><strong>thyrsos</strong></span> <span class='ocrx_word' id='word_1_26' title='bbox 387 636 491 700; x_wconf 77' lang='grc' dir='ltr'><strong><em>ταῦτα</em></strong></span> <span class='ocrx_word' id='word_1_27' title='bbox 519 633 559 699; x_wconf 80' lang='grc' dir='ltr'><strong>τὰ</strong></span> <span class='ocrx_word' id='word_1_28' title='bbox 588 630 726 713; x_wconf 76' lang='grc' dir='ltr'><strong><em>ὀνόματα</em></strong></span> <span class='ocrx_word' id='word_1_29' title='bbox 762 636 823 707; x_wconf 55' lang='grc' dir='ltr'><strong>,τοῦ</strong></span> <span class='ocrx_word' id='word_1_30' title='bbox 845 636 926 698; x_wconf 99' lang='grc' dir='ltr'><strong><em>θεοῦ</em></strong></span> <span class='ocrx_word' id='word_1_31' title='bbox 962 638 1096 697; x_wconf 75' lang='grc' dir='ltr'><strong><em>καινοῦν</em></strong></span> <span class='ocrx_word' id='word_1_32' title='bbox 1116 626 1224 699; x_wconf 65' lang='grc' dir='ltr'><strong><em>ὄντων.</em></strong></span> 
     </span>
     <span class='ocr_line' id='line_1_5' title="bbox 146 712 1222 799; baseline -0.004 -16"><span class='ocrx_word' id='word_1_33' title='bbox 146 723 198 785; x_wconf 75' lang='lat'><strong>28·</strong></span> <span class='ocrx_word' id='word_1_34' title='bbox 216 716 265 784; x_wconf 77' lang='lat' dir='ltr'><strong>dra</strong></span> <span class='ocrx_word' id='word_1_35' title='bbox 286 722 386 784; x_wconf 80' lang='grc' dir='ltr'><strong><em>ταῦτα</em></strong></span> <span class='ocrx_word' id='word_1_36' title='bbox 412 719 453 782; x_wconf 78' lang='grc' dir='ltr'><strong>τὰ</strong></span> <span class='ocrx_word' id='word_1_37' title='bbox 475 716 615 799; x_wconf 70' lang='grc' dir='ltr'><strong><em>ὀνόματα</em></strong></span> <span class='ocrx_word' id='word_1_38' title='bbox 633 717 693 799; x_wconf 84' lang='grc' dir='ltr'><strong>οῦχ</strong></span> <span class='ocrx_word' id='word_1_39' title='bbox 715 712 888 798; x_wconf 74' lang='grc' dir='ltr'><strong>ὁμωνύμως</strong></span> <span class='ocrx_word' id='word_1_40' title='bbox 914 718 1056 797; x_wconf 76' lang='grc' dir='ltr'><strong><em>λέγονται</em></strong></span> <span class='ocrx_word' id='word_1_41' title='bbox 1081 716 1136 797; x_wconf 69' lang='grc' dir='ltr'><strong><em>ε’νιί</em></strong></span> <span class='ocrx_word' id='word_1_42' title='bbox 1161 719 1222 781; x_wconf 79' lang='grc' dir='ltr'><strong>τοῦ</strong></span> 
     </span>
     <span class='ocr_line' id='line_1_6' title="bbox 144 793 1224 888; baseline -0.005 -23"><span class='ocrx_word' id='word_1_43' title='bbox 144 804 226 867; x_wconf 90' lang='grc' dir='ltr'><strong><em>θεοῦ</em></strong></span> <span class='ocrx_word' id='word_1_44' title='bbox 247 800 302 866; x_wconf 75' lang='grc' dir='ltr'><strong>καὶ</strong></span> <span class='ocrx_word' id='word_1_45' title='bbox 321 804 385 865; x_wconf 77' lang='grc' dir='ltr'><strong>νῦν</strong></span> <span class='ocrx_word' id='word_1_46' title='bbox 420 794 529 870; x_wconf 68' lang='grc' dir='ltr'><strong><em>ὄντων.»</em></strong></span> <span class='ocrx_word' id='word_1_47' title='bbox 564 824 615 888; x_wconf 81' lang='lat'><strong>29.</strong></span> <span class='ocrx_word' id='word_1_48' title='bbox 638 793 684 863; x_wconf 79' lang='grc' dir='ltr'><strong>ὅτι</strong></span> <span class='ocrx_word' id='word_1_49' title='bbox 712 803 814 864; x_wconf 78' lang='grc' dir='ltr'><strong><em>ταῦτα</em></strong></span> <span class='ocrx_word' id='word_1_50' title='bbox 848 797 889 864; x_wconf 84' lang='grc' dir='ltr'><strong>τὰ</strong></span> <span class='ocrx_word' id='word_1_51' title='bbox 905 797 1044 878; x_wconf 78' lang='grc' dir='ltr'><strong><em>ὀνόματα</em></strong></span> <span class='ocrx_word' id='word_1_52' title='bbox 1076 799 1224 880; x_wconf 74' lang='grc' dir='ltr'><strong><em>α’ναλογι-</em></strong></span> 
     </span>
     <span class='ocr_line' id='line_1_7' title="bbox 148 873 1226 967; baseline 0 -20"><span class='ocrx_word' id='word_1_53' title='bbox 148 887 213 963; x_wconf 66' lang='lat' dir='ltr'><strong>erig</strong></span> <span class='ocrx_word' id='word_1_54' title='bbox 230 885 370 967; x_wconf 71' lang='grc' dir='ltr'><strong><em>λέγονται</em></strong></span> <span class='ocrx_word' id='word_1_55' title='bbox 390 880 448 949; x_wconf 74' lang='lat' dir='ltr'><strong>tat</strong></span> <span class='ocrx_word' id='word_1_56' title='bbox 469 907 503 948; x_wconf 83' lang='lat' dir='ltr'><strong>rs</strong></span> <span class='ocrx_word' id='word_1_57' title='bbox 525 884 582 950; x_wconf 79' lang='grc' dir='ltr'><strong>τοῦ</strong></span> <span class='ocrx_word' id='word_1_58' title='bbox 604 884 684 948; x_wconf 84' lang='grc' dir='ltr'><strong><em>θεοῦ</em></strong></span> <span class='ocrx_word' id='word_1_59' title='bbox 706 881 760 947; x_wconf 84' lang='grc' dir='ltr'><strong><em>καί</em></strong></span> <span class='ocrx_word' id='word_1_60' title='bbox 782 884 846 947; x_wconf 71' lang='grc' dir='ltr'><strong>νῦν</strong></span> <span class='ocrx_word' id='word_1_61' title='bbox 870 873 979 949; x_wconf 77' lang='grc' dir='ltr'><strong><em>ὄντων.</em></strong></span> <span class='ocrx_word' id='word_1_62' title='bbox 1022 884 1104 944; x_wconf 83' lang='grc' dir='ltr'><strong><em>Ηεεε</em></strong></span> <span class='ocrx_word' id='word_1_63' title='bbox 1127 886 1226 967; x_wconf 88' lang='lat' dir='ltr'><strong>capita</strong></span> 
     </span>
    </p>
   </div>
   <div class='ocr_carea' id='block_1_3' title="bbox 45 965 1225 1052">
    <p class='ocr_par' dir='ltr' id='par_1_3' title="bbox 45 965 1225 1052">
     <span class='ocr_line' id='line_1_8' title="bbox 45 965 1225 1052; baseline -0.004 -20"><span class='ocrx_word' id='word_1_64' title='bbox 45 1008 53 1021; x_wconf 86' lang='lat'><strong>·</strong></span> <span class='ocrx_word' id='word_1_65' title='bbox 146 968 217 1043; x_wconf 83' lang='lat' dir='ltr'><strong>libri</strong></span> <span class='ocrx_word' id='word_1_66' title='bbox 247 970 369 1031; x_wconf 86' lang='lat' dir='ltr'><strong>secundi</strong></span> <span class='ocrx_word' id='word_1_67' title='bbox 401 969 620 1052; x_wconf 75' lang='lat' dir='ltr'><strong>Acindyniani,</strong></span> <span class='ocrx_word' id='word_1_68' title='bbox 648 989 727 1050; x_wconf 85' lang='lat' dir='ltr'><strong>qnae</strong></span> <span class='ocrx_word' id='word_1_69' title='bbox 748 978 853 1030; x_wconf 83' lang='lat' dir='ltr'><strong>auctor</strong></span> <span class='ocrx_word' id='word_1_70' title='bbox 881 965 1056 1029; x_wconf 75' lang='lat' dir='ltr'><strong>scholastice</strong></span> <span class='ocrx_word' id='word_1_71' title='bbox 1080 988 1225 1051; x_wconf 86' lang='lat' dir='ltr'><strong>prorsus,</strong></span> 
     </span>
    </p>
   </div>
   <div class='ocr_carea' id='block_1_4' title="bbox 146 1050 1227 1299">
    <p class='ocr_par' dir='ltr' id='par_1_4' title="bbox 146 1050 1227 1299">
     <span class='ocr_line' id='line_1_9' title="bbox 146 1050 1226 1135; baseline 0.001 -23"><span class='ocrx_word' id='word_1_72' title='bbox 146 1051 205 1114; x_wconf 86' lang='lat' dir='ltr'><strong>hoe</strong></span> <span class='ocrx_word' id='word_1_73' title='bbox 225 1063 270 1113; x_wconf 90' lang='lat' dir='ltr'><strong>est</strong></span> <span class='ocrx_word' id='word_1_74' title='bbox 300 1051 467 1133; x_wconf 79' lang='lat' dir='ltr'><strong>theologice</strong></span> <span class='ocrx_word' id='word_1_75' title='bbox 493 1063 524 1113; x_wconf 90' lang='lat' dir='ltr'><strong>et</strong></span> <span class='ocrx_word' id='word_1_76' title='bbox 546 1050 769 1135; x_wconf 82' lang='lat' dir='ltr'><strong>philosophice,</strong></span> <span class='ocrx_word' id='word_1_77' title='bbox 804 1052 1001 1132; x_wconf 86' lang='lat' dir='ltr'><strong>persequitur.</strong></span> <span class='ocrx_word' id='word_1_78' title='bbox 1049 1050 1091 1109; x_wconf 86' lang='lat' dir='ltr'><strong>Et</strong></span> <span class='ocrx_word' id='word_1_79' title='bbox 1122 1060 1226 1113; x_wconf 87' lang='lat' dir='ltr'><strong>temen</strong></span> 
     </span>
     <span class='ocr_line' id='line_1_10' title="bbox 147 1130 1226 1217; baseline -0.006 -20"><span class='ocrx_word' id='word_1_80' title='bbox 147 1134 371 1197; x_wconf 73' lang='lat' dir='ltr'><strong>damnatns‘est</strong></span> <span class='ocrx_word' id='word_1_81' title='bbox 384 1156 411 1196; x_wconf 79' lang='lat' dir='ltr'><strong>a</strong></span> <span class='ocrx_word' id='word_1_82' title='bbox 429 1135 557 1216; x_wconf 83' lang='lat' dir='ltr'><strong>synodo,</strong></span> <span class='ocrx_word' id='word_1_83' title='bbox 577 1132 719 1195; x_wconf 87' lang='lat' dir='ltr'><strong>Palamae</strong></span> <span class='ocrx_word' id='word_1_84' title='bbox 746 1130 824 1217; x_wconf 83' lang='lat' dir='ltr'><strong>plus,</strong></span> <span class='ocrx_word' id='word_1_85' title='bbox 844 1153 935 1216; x_wconf 87' lang='lat' dir='ltr'><strong>qnam</strong></span> <span class='ocrx_word' id='word_1_86' title='bbox 956 1131 1140 1213; x_wconf 85' lang='lat' dir='ltr'><strong>merehatur,</strong></span> <span class='ocrx_word' id='word_1_87' title='bbox 1159 1144 1226 1192; x_wconf 83' lang='lat' dir='ltr'><strong>stn-</strong></span> 
     </span>
     <span class='ocr_line' id='line_1_11' title="bbox 147 1215 1227 1299; baseline -0.003 -20"><span class='ocrx_word' id='word_1_88' title='bbox 147 1217 242 1281; x_wconf 80' lang='lat' dir='ltr'><strong>diosa.</strong></span> <span class='ocrx_word' id='word_1_89' title='bbox 285 1219 402 1282; x_wconf 86' lang='lat' dir='ltr'><strong>Verum</strong></span> <span class='ocrx_word' id='word_1_90' title='bbox 418 1219 460 1278; x_wconf 88' lang='lat' dir='ltr'><strong>ita</strong></span> <span class='ocrx_word' id='word_1_91' title='bbox 480 1217 602 1279; x_wconf 84' lang='lat' dir='ltr'><strong>evenire</strong></span> <span class='ocrx_word' id='word_1_92' title='bbox 627 1215 723 1291; x_wconf 84' lang='lat' dir='ltr'><strong>solet,</strong></span> <span class='ocrx_word' id='word_1_93' title='bbox 752 1217 806 1278; x_wconf 90' lang='lat' dir='ltr'><strong>ubi</strong></span> <span class='ocrx_word' id='word_1_94' title='bbox 828 1216 995 1299; x_wconf 79' lang='lat' dir='ltr'><strong>ignorantie</strong></span> <span class='ocrx_word' id='word_1_95' title='bbox 1026 1216 1174 1296; x_wconf 88' lang='lat' dir='ltr'><strong>praesidet</strong></span> <span class='ocrx_word' id='word_1_96' title='bbox 1195 1226 1227 1276; x_wconf 85' lang='lat' dir='ltr'><strong>et</strong></span> 
     </span>
    </p>
   </div>
   <div class='ocr_carea' id='block_1_5' title="bbox 147 1298 1350 1383">
    <p class='ocr_par' dir='ltr' id='par_1_5' title="bbox 147 1298 1350 1383">
     <span class='ocr_line' id='line_1_12' title="bbox 147 1298 1350 1383; baseline -0.003 -20"><span class='ocrx_word' id='word_1_97' title='bbox 147 1313 263 1383; x_wconf 85' lang='lat' dir='ltr'><strong>regnat.</strong></span> <span class='ocrx_word' id='word_1_98' title='bbox 304 1303 397 1362; x_wconf 75' lang='lat' dir='ltr'><strong>ltecte</strong></span> <span class='ocrx_word' id='word_1_99' title='bbox 427 1303 508 1361; x_wconf 88' lang='lat' dir='ltr'><strong>enim</strong></span> <span class='ocrx_word' id='word_1_100' title='bbox 541 1300 580 1361; x_wconf 89' lang='lat' dir='ltr'><strong>de</strong></span> <span class='ocrx_word' id='word_1_101' title='bbox 605 1300 773 1361; x_wconf 86' lang='lat' dir='ltr'><strong>substantia</strong></span> <span class='ocrx_word' id='word_1_102' title='bbox 792 1310 824 1361; x_wconf 90' lang='lat' dir='ltr'><strong>et</strong></span> <span class='ocrx_word' id='word_1_103' title='bbox 851 1299 1025 1381; x_wconf 70' lang='lat' dir='ltr'><strong>operatione</strong></span> <span class='ocrx_word' id='word_1_104' title='bbox 1044 1298 1102 1359; x_wconf 88' lang='lat' dir='ltr'><strong>Dei</strong></span> <span class='ocrx_word' id='word_1_105' title='bbox 1135 1301 1227 1359; x_wconf 83' lang='lat' dir='ltr'><strong>sensit</strong></span> <span class='ocrx_word' id='word_1_106' title='bbox 1347 1362 1350 1369; x_wconf 72' lang='grc'>,</span> 
     </span>
    </p>
   </div>
   <div class='ocr_carea' id='block_1_6' title="bbox 139 1380 1266 2622">
    <p class='ocr_par' dir='ltr' id='par_1_6' title="bbox 139 1380 1266 2622">
     <span class='ocr_line' id='line_1_13' title="bbox 148 1380 1227 1467; baseline -0.004 -23"><span class='ocrx_word' id='word_1_107' title='bbox 148 1383 339 1467; x_wconf 79' lang='lat' dir='ltr'><strong>Acindynus.</strong></span> <span class='ocrx_word' id='word_1_108' title='bbox 358 1380 429 1444; x_wconf 84' lang='lat' dir='ltr'><strong>Sola</strong></span> <span class='ocrx_word' id='word_1_109' title='bbox 442 1399 572 1466; x_wconf 88' lang='lat' dir='ltr'><strong>namque</strong></span> <span class='ocrx_word' id='word_1_110' title='bbox 584 1385 700 1443; x_wconf 89' lang='lat' dir='ltr'><strong>ratione</strong></span> <span class='ocrx_word' id='word_1_111' title='bbox 708 1383 843 1444; x_wconf 84' lang='lat' dir='ltr'><strong>distinxit</strong></span> <span class='ocrx_word' id='word_1_112' title='bbox 855 1403 865 1443; x_wconf 79' lang='lat' dir='ltr'><strong>r</strong></span> <span class='ocrx_word' id='word_1_113' title='bbox 885 1402 919 1442; x_wconf 86' lang='lat' dir='ltr'><strong>re</strong></span> <span class='ocrx_word' id='word_1_114' title='bbox 929 1392 997 1441; x_wconf 85' lang='lat' dir='ltr'><strong>tam</strong></span> <span class='ocrx_word' id='word_1_115' title='bbox 1012 1383 1227 1463; x_wconf 78' lang='lat' dir='ltr'><strong>operationem,</strong></span> 
     </span>
     <span class='ocr_line' id='line_1_14' title="bbox 150 1464 1227 1548; baseline 0.001 -22"><span class='ocrx_word' id='word_1_116' title='bbox 150 1486 243 1548; x_wconf 88' lang='lat' dir='ltr'><strong>qnam</strong></span> <span class='ocrx_word' id='word_1_117' title='bbox 261 1468 458 1529; x_wconf 76' lang='lat' dir='ltr'><strong>substantians</strong></span> <span class='ocrx_word' id='word_1_118' title='bbox 475 1465 532 1526; x_wconf 89' lang='lat' dir='ltr'><strong>Dei</strong></span> <span class='ocrx_word' id='word_1_119' title='bbox 546 1468 712 1538; x_wconf 85' lang='lat' dir='ltr'><strong>coniunxit,</strong></span> <span class='ocrx_word' id='word_1_120' title='bbox 728 1464 866 1548; x_wconf 82' lang='lat' dir='ltr'><strong>nihilque</strong></span> <span class='ocrx_word' id='word_1_121' title='bbox 883 1464 915 1524; x_wconf 92' lang='lat' dir='ltr'><strong>in</strong></span> <span class='ocrx_word' id='word_1_122' title='bbox 934 1465 1001 1524; x_wconf 88' lang='lat' dir='ltr'><strong>Deo</strong></span> <span class='ocrx_word' id='word_1_123' title='bbox 1018 1484 1082 1525; x_wconf 81' lang='lat' dir='ltr'><strong>erse</strong></span> <span class='ocrx_word' id='word_1_124' title='bbox 1101 1466 1227 1539; x_wconf 76' lang='lat' dir='ltr'><strong>statuit,</strong></span> 
     </span>
     <span class='ocr_line' id='line_1_15' title="bbox 150 1547 1226 1632; baseline -0.005 -21"><span class='ocrx_word' id='word_1_125' title='bbox 150 1549 233 1632; x_wconf 87' lang='lat' dir='ltr'><strong>quod</strong></span> <span class='ocrx_word' id='word_1_126' title='bbox 257 1570 327 1610; x_wconf 88' lang='lat' dir='ltr'><strong>cum</strong></span> <span class='ocrx_word' id='word_1_127' title='bbox 347 1551 475 1613; x_wconf 71' lang='lat' dir='ltr'><strong>maenus</strong></span> <span class='ocrx_word' id='word_1_128' title='bbox 497 1548 601 1611; x_wconf 88' lang='lat' dir='ltr'><strong>divina</strong></span> <span class='ocrx_word' id='word_1_129' title='bbox 626 1547 746 1609; x_wconf 74' lang='lat' dir='ltr'><strong>realiter</strong></span> <span class='ocrx_word' id='word_1_130' title='bbox 771 1570 867 1608; x_wconf 91' lang='lat' dir='ltr'><strong>unnm</strong></span> <span class='ocrx_word' id='word_1_131' title='bbox 895 1557 926 1607; x_wconf 91' lang='lat' dir='ltr'><strong>et</strong></span> <span class='ocrx_word' id='word_1_132' title='bbox 954 1548 1035 1610; x_wconf 90' lang='lat' dir='ltr'><strong>idem</strong></span> <span class='ocrx_word' id='word_1_133' title='bbox 1056 1560 1118 1607; x_wconf 87' lang='lat' dir='ltr'><strong>aon</strong></span> <span class='ocrx_word' id='word_1_134' title='bbox 1139 1557 1226 1613; x_wconf 83' lang='lat' dir='ltr'><strong>esset.</strong></span> 
     </span>
     <span class='ocr_line' id='line_1_16' title="bbox 161 1629 1228 1717; baseline -0.004 -26"><span class='ocrx_word' id='word_1_135' title='bbox 161 1685 164 1691; x_wconf 81' lang='lat'><strong>.</strong></span> <span class='ocrx_word' id='word_1_136' title='bbox 229 1633 424 1717; x_wconf 86' lang='lat' dir='ltr'><strong>Quapropter</strong></span> <span class='ocrx_word' id='word_1_137' title='bbox 443 1653 525 1694; x_wconf 87' lang='lat' dir='ltr'><strong>mera</strong></span> <span class='ocrx_word' id='word_1_138' title='bbox 534 1633 724 1693; x_wconf 65' lang='lat' dir='ltr'><strong>Graecorumx</strong></span> <span class='ocrx_word' id='word_1_139' title='bbox 736 1634 872 1707; x_wconf 78' lang='lat' dir='ltr'><strong>convicia</strong></span> <span class='ocrx_word' id='word_1_140' title='bbox 886 1640 967 1702; x_wconf 86' lang='lat' dir='ltr'><strong>sunt,</strong></span> <span class='ocrx_word' id='word_1_141' title='bbox 988 1650 1057 1689; x_wconf 90' lang='lat' dir='ltr'><strong>cum</strong></span> <span class='ocrx_word' id='word_1_142' title='bbox 1077 1629 1116 1689; x_wconf 91' lang='lat' dir='ltr'><strong>de</strong></span> <span class='ocrx_word' id='word_1_143' title='bbox 1128 1630 1228 1689; x_wconf 86' lang='lat' dir='ltr'><strong>Acin-</strong></span> 
     </span>
     <span class='ocr_line' id='line_1_17' title="bbox 150 1704 1228 1796; baseline -0.003 -22"><span class='ocrx_word' id='word_1_144' title='bbox 150 1714 232 1796; x_wconf 79' lang='lat' dir='ltr'><strong>dyno</strong></span> <span class='ocrx_word' id='word_1_145' title='bbox 257 1725 289 1776; x_wconf 86' lang='lat' dir='ltr'><strong>et</strong></span> <span class='ocrx_word' id='word_1_146' title='bbox 314 1715 470 1777; x_wconf 84' lang='lat' dir='ltr'><strong>Barlaamo</strong></span> <span class='ocrx_word' id='word_1_147' title='bbox 497 1717 540 1775; x_wconf 89' lang='lat' dir='ltr'><strong>ita</strong></span> <span class='ocrx_word' id='word_1_148' title='bbox 574 1715 728 1789; x_wconf 77' lang='lat' dir='ltr'><strong>scribunt:</strong></span> <span class='ocrx_word' id='word_1_149' title='bbox 770 1714 926 1793; x_wconf 64' lang='grc' dir='ltr'><strong><em>λέγουσιν,</em></strong></span> <span class='ocrx_word' id='word_1_150' title='bbox 950 1705 996 1773; x_wconf 72' lang='grc' dir='ltr'><strong>ὅτι</strong></span> <span class='ocrx_word' id='word_1_151' title='bbox 1022 1707 1040 1771; x_wconf 80' lang='lat' dir='ltr'><strong>d</strong></span> <span class='ocrx_word' id='word_1_152' title='bbox 1066 1704 1140 1782; x_wconf 76' lang='grc' dir='ltr'><strong><em>’θεὸς</em></strong></span> <span class='ocrx_word' id='word_1_153' title='bbox 1169 1709 1228 1771; x_wconf 80' lang='grc' dir='ltr'><strong>οῦκ</strong></span> 
     </span>
     <span class='ocr_line' id='line_1_18' title="bbox 150 1783 1227 1878; baseline -0.005 -21"><span class='ocrx_word' id='word_1_154' title='bbox 150 1791 218 1875; x_wconf 71' lang='grc' dir='ltr'><strong><em>ἔχει</em></strong></span> <span class='ocrx_word' id='word_1_155' title='bbox 239 1791 396 1877; x_wconf 71' lang='grc' dir='ltr'><strong><em>ἐνέργειαν</em></strong></span> <span class='ocrx_word' id='word_1_156' title='bbox 411 1794 558 1878; x_wconf 70' lang='lat' dir='ltr'><strong>odntoidq,</strong></span> <span class='ocrx_word' id='word_1_157' title='bbox 591 1796 735 1857; x_wconf 75' lang='grc' dir='ltr'><strong><em>τουτέστι</em></strong></span> <span class='ocrx_word' id='word_1_158' title='bbox 758 1789 903 1876; x_wconf 77' lang='grc' dir='ltr'><strong><em>φυσικήν.</em></strong></span> <span class='ocrx_word' id='word_1_159' title='bbox 945 1794 1098 1871; x_wconf 76' lang='grc' dir='ltr'><strong><em>λέγουσιν,</em></strong></span> <span class='ocrx_word' id='word_1_160' title='bbox 1127 1783 1179 1853; x_wconf 76' lang='grc' dir='ltr'><strong>ὅτι</strong></span> <span class='ocrx_word' id='word_1_161' title='bbox 1204 1785 1227 1871; x_wconf 76' lang='grc' dir='ltr'><em>ἦ</em></span> 
     </span>
     <span class='ocr_line' id='line_1_19' title="bbox 150 1867 1230 1961; baseline -0.008 -20"><span class='ocrx_word' id='word_1_162' title='bbox 150 1878 289 1961; x_wconf 77' lang='grc' dir='ltr'><strong><em>ἐνέργεια</em></strong></span> <span class='ocrx_word' id='word_1_163' title='bbox 308 1880 363 1940; x_wconf 72' lang='grc' dir='ltr'><strong>καὶ</strong></span> <span class='ocrx_word' id='word_1_164' title='bbox 383 1878 434 1941; x_wconf 67' lang='lat' dir='ltr'><strong>sss</strong></span> <span class='ocrx_word' id='word_1_165' title='bbox 488 1899 536 1939; x_wconf 90' lang='grc' dir='ltr'><strong>ιαι</strong></span> <span class='ocrx_word' id='word_1_166' title='bbox 556 1869 615 1937; x_wconf 84' lang='grc' dir='ltr'><strong>οῦκ</strong></span> <span class='ocrx_word' id='word_1_167' title='bbox 637 1875 717 1939; x_wconf 73' lang='grc' dir='ltr'><strong><em>εἰσὶν</em></strong></span> <span class='ocrx_word' id='word_1_168' title='bbox 739 1867 889 1950; x_wconf 65' lang='lat' dir='ltr'><strong>tuamor,</strong></span> <span class='ocrx_word' id='word_1_169' title='bbox 912 1867 987 1939; x_wconf 78' lang='grc' dir='ltr'><strong><em>οῦδὲ</em></strong></span> <span class='ocrx_word' id='word_1_170' title='bbox 1007 1876 1163 1937; x_wconf 76' lang='grc' dir='ltr'><strong><em>συναίτιοι</em></strong></span> <span class='ocrx_word' id='word_1_171' title='bbox 1184 1875 1230 1960; x_wconf 74' lang='grc' dir='ltr'><strong>τῷ</strong></span> 
     </span>
     <span class='ocr_line' id='line_1_20' title="bbox 153 1950 1266 2063; baseline -0.009 -38"><span class='ocrx_word' id='word_1_172' title='bbox 153 1962 227 2042; x_wconf 75' lang='grc' dir='ltr'><strong><em>θεῷ.</em></strong></span> <span class='ocrx_word' id='word_1_173' title='bbox 268 1961 424 2041; x_wconf 65' lang='grc' dir='ltr'><strong><em>λέγουσιν,</em></strong></span> <span class='ocrx_word' id='word_1_174' title='bbox 471 1956 500 2021; x_wconf 72' lang='lat' dir='ltr'><strong>ir</strong></span> <span class='ocrx_word' id='word_1_175' title='bbox 528 1955 609 2021; x_wconf 69' lang='grc' dir='ltr'><strong>οὔτ’</strong></span> <span class='ocrx_word' id='word_1_176' title='bbox 629 1956 651 2039; x_wconf 78' lang='grc' dir='ltr'><em>ἦ</em></span> <span class='ocrx_word' id='word_1_177' title='bbox 673 1958 822 2063; x_wconf 63' lang='lat' dir='ltr'><strong>teporatur]</strong></span> <span class='ocrx_word' id='word_1_178' title='bbox 854 1950 1000 2030; x_wconf 74' lang='grc' dir='ltr'><strong><em>οἴκτιστος</em></strong></span> <span class='ocrx_word' id='word_1_179' title='bbox 1031 1955 1087 2019; x_wconf 80' lang='grc' dir='ltr'><strong><em>καί</em></strong></span> <span class='ocrx_word' id='word_1_180' title='bbox 1107 1952 1226 2061; x_wconf 70' lang='lat' dir='ltr'><strong>proter}</strong></span> <span class='ocrx_word' id='word_1_181' title='bbox 1264 2008 1266 2015; x_wconf 93' lang='lat'><em>.</em></span> 
     </span>
     <span class='ocr_line' id='line_1_21' title="bbox 139 1980 1225 2123; baseline -0.003 -21"><span class='ocrx_word' id='word_1_182' title='bbox 139 2040 292 2122; x_wconf 73' lang='grc' dir='ltr'><strong><em>,ἐνέργεια</em></strong></span> <span class='ocrx_word' id='word_1_183' title='bbox 312 2045 370 2105; x_wconf 81' lang='grc' dir='ltr'><strong>τοῦ</strong></span> <span class='ocrx_word' id='word_1_184' title='bbox 390 2040 471 2104; x_wconf 87' lang='grc' dir='ltr'><strong><em>θεοῦ</em></strong></span> <span class='ocrx_word' id='word_1_185' title='bbox 490 2037 571 2123; x_wconf 65' lang='lat' dir='ltr'><strong>oriri}</strong></span> <span class='ocrx_word' id='word_1_186' title='bbox 591 1980 676 2104; x_wconf 66' lang='lat' dir='ltr'><strong>dorsa</strong></span> <span class='ocrx_word' id='word_1_187' title='bbox 695 2064 716 2123; x_wconf 82' lang='grc' dir='ltr'><em>η</em></span> <span class='ocrx_word' id='word_1_188' title='bbox 737 2041 794 2104; x_wconf 82' lang='grc' dir='ltr'><strong>τοῦ</strong></span> <span class='ocrx_word' id='word_1_189' title='bbox 813 2041 893 2105; x_wconf 85' lang='grc' dir='ltr'><strong><em>θεοῦ</em></strong></span> <span class='ocrx_word' id='word_1_190' title='bbox 916 2033 1030 2115; x_wconf 78' lang='lat' dir='ltr'><strong>erioch,</strong></span> <span class='ocrx_word' id='word_1_191' title='bbox 1061 2060 1113 2101; x_wconf 82' lang='grc' dir='ltr'><strong>και</strong></span> <span class='ocrx_word' id='word_1_192' title='bbox 1133 2031 1225 2100; x_wconf 80' lang='grc' dir='ltr'><strong><em>οῦδε-</em></strong></span> 
     </span>
     <span class='ocr_line' id='line_1_22' title="bbox 145 2117 1229 2206; baseline -0.005 -21"><span class='ocrx_word' id='word_1_193' title='bbox 145 2120 208 2201; x_wconf 73' lang='grc' dir='ltr'><strong>Ιαιόι</strong></span> <span class='ocrx_word' id='word_1_194' title='bbox 227 2142 276 2197; x_wconf 80' lang='grc' dir='ltr'><strong>τις</strong></span> <span class='ocrx_word' id='word_1_195' title='bbox 297 2118 435 2206; x_wconf 76' lang='grc' dir='ltr'><strong><em>διαφοραὶ</em></strong></span> <span class='ocrx_word' id='word_1_196' title='bbox 467 2122 618 2202; x_wconf 60' lang='lat' dir='ltr'><strong>calderaria</strong></span> <span class='ocrx_word' id='word_1_197' title='bbox 643 2118 734 2186; x_wconf 75' lang='lat' dir='ltr'><strong>&#39;darer</strong></span> <span class='ocrx_word' id='word_1_198' title='bbox 753 2121 863 2194; x_wconf 75' lang='grc' dir='ltr'><strong><em>οῦαιας</em></strong></span> <span class='ocrx_word' id='word_1_199' title='bbox 882 2118 938 2184; x_wconf 72' lang='grc' dir='ltr'><strong>καὶ</strong></span> <span class='ocrx_word' id='word_1_200' title='bbox 969 2117 1136 2202; x_wconf 73' lang='grc' dir='ltr'><strong><em>ἐνεργείας,</em></strong></span> <span class='ocrx_word' id='word_1_201' title='bbox 1158 2117 1229 2181; x_wconf 77' lang='lat' dir='ltr'><strong>otrt’</strong></span> 
     </span>
     <span class='ocr_line' id='line_1_23' title="bbox 149 2200 1230 2289; baseline -0.004 -20"><span class='ocrx_word' id='word_1_202' title='bbox 149 2202 183 2269; x_wconf 73' lang='lat' dir='ltr'><strong>th</strong></span> <span class='ocrx_word' id='word_1_203' title='bbox 203 2206 259 2270; x_wconf 70' lang='lat' dir='ltr'><strong>sat</strong></span> <span class='ocrx_word' id='word_1_204' title='bbox 276 2203 313 2268; x_wconf 82' lang='grc' dir='ltr'><strong>τὰ</strong></span> <span class='ocrx_word' id='word_1_205' title='bbox 338 2200 417 2269; x_wconf 75' lang='lat' dir='ltr'><strong>aristi</strong></span> <span class='ocrx_word' id='word_1_206' title='bbox 438 2205 536 2270; x_wconf 73' lang='grc' dir='ltr'><strong><em>ἐστιν.</em></strong></span> <span class='ocrx_word' id='word_1_207' title='bbox 575 2208 617 2267; x_wconf 86' lang='lat' dir='ltr'><strong>Et</strong></span> <span class='ocrx_word' id='word_1_208' title='bbox 651 2206 684 2266; x_wconf 87' lang='lat' dir='ltr'><strong>id</strong></span> <span class='ocrx_word' id='word_1_209' title='bbox 707 2227 799 2289; x_wconf 88' lang='lat' dir='ltr'><strong>genus</strong></span> <span class='ocrx_word' id='word_1_210' title='bbox 827 2204 913 2280; x_wconf 83' lang='lat' dir='ltr'><strong>alia,</strong></span> <span class='ocrx_word' id='word_1_211' title='bbox 940 2225 1019 2286; x_wconf 84' lang='lat' dir='ltr'><strong>quae</strong></span> <span class='ocrx_word' id='word_1_212' title='bbox 1045 2204 1085 2265; x_wconf 88' lang='lat' dir='ltr'><strong>ab</strong></span> <span class='ocrx_word' id='word_1_213' title='bbox 1114 2205 1230 2267; x_wconf 84' lang='lat' dir='ltr'><strong>incerto</strong></span> 
     </span>
     <span class='ocr_line' id='line_1_24' title="bbox 151 2286 1229 2371; baseline -0.004 -21"><span class='ocrx_word' id='word_1_214' title='bbox 151 2300 275 2351; x_wconf 87' lang='lat' dir='ltr'><strong>auctore</strong></span> <span class='ocrx_word' id='word_1_215' title='bbox 295 2290 419 2352; x_wconf 87' lang='lat' dir='ltr'><strong>collecta</strong></span> <span class='ocrx_word' id='word_1_216' title='bbox 437 2299 520 2364; x_wconf 89' lang='lat' dir='ltr'><strong>sunt,</strong></span> <span class='ocrx_word' id='word_1_217' title='bbox 543 2299 718 2371; x_wconf 73' lang='lat' dir='ltr'><strong>exstantque</strong></span> <span class='ocrx_word' id='word_1_218' title='bbox 737 2291 769 2349; x_wconf 92' lang='lat' dir='ltr'><strong>in</strong></span> <span class='ocrx_word' id='word_1_219' title='bbox 783 2288 924 2369; x_wconf 76' lang='lat' dir='ltr'><strong>Bavarica</strong></span> <span class='ocrx_word' id='word_1_220' title='bbox 943 2286 1138 2364; x_wconf 86' lang='lat' dir='ltr'><strong>bibliotheca,</strong></span> <span class='ocrx_word' id='word_1_221' title='bbox 1160 2288 1229 2355; x_wconf 89' lang='lat' dir='ltr'><strong>cod.</strong></span> 
     </span>
     <span class='ocr_line' id='line_1_25' title="bbox 156 2370 1229 2456; baseline -0.001 -24"><span class='ocrx_word' id='word_1_222' title='bbox 156 2371 223 2438; x_wconf 79' lang='grc' dir='ltr'><strong>1ιὸ.</strong></span> <span class='ocrx_word' id='word_1_223' title='bbox 263 2373 335 2455; x_wconf 87' lang='lat' dir='ltr'><strong>Sed,</strong></span> <span class='ocrx_word' id='word_1_224' title='bbox 355 2385 391 2435; x_wconf 87' lang='lat' dir='ltr'><strong>ut</strong></span> <span class='ocrx_word' id='word_1_225' title='bbox 409 2374 493 2448; x_wconf 87' lang='lat' dir='ltr'><strong>dixi,</strong></span> <span class='ocrx_word' id='word_1_226' title='bbox 515 2370 659 2456; x_wconf 84' lang='lat' dir='ltr'><strong>pleraque</strong></span> <span class='ocrx_word' id='word_1_227' title='bbox 677 2370 1052 2455; x_wconf 23' lang='lat' dir='ltr'><strong>imperitorumlfigmenta</strong></span> <span class='ocrx_word' id='word_1_228' title='bbox 1082 2380 1174 2448; x_wconf 89' lang='lat' dir='ltr'><strong>sant,</strong></span> <span class='ocrx_word' id='word_1_229' title='bbox 1196 2370 1229 2431; x_wconf 93' lang='lat' dir='ltr'><strong>in</strong></span> 
     </span>
     <span class='ocr_line' id='line_1_26' title="bbox 153 2452 1229 2536; baseline -0.002 -21"><span class='ocrx_word' id='word_1_230' title='bbox 153 2476 286 2536; x_wconf 87' lang='lat' dir='ltr'><strong>quorum</strong></span> <span class='ocrx_word' id='word_1_231' title='bbox 305 2476 432 2519; x_wconf 88' lang='lat' dir='ltr'><strong>numero</strong></span> <span class='ocrx_word' id='word_1_232' title='bbox 463 2455 522 2519; x_wconf 84' lang='lat' dir='ltr'><strong>hoc</strong></span> <span class='ocrx_word' id='word_1_233' title='bbox 543 2453 707 2517; x_wconf 83' lang='lat' dir='ltr'><strong>ultimum:</strong></span> <span class='ocrx_word' id='word_1_234' title='bbox 738 2474 895 2536; x_wconf 81' lang='lat' dir='ltr'><strong>nunquam</strong></span> <span class='ocrx_word' id='word_1_235' title='bbox 924 2456 1006 2514; x_wconf 88' lang='lat' dir='ltr'><strong>euim</strong></span> <span class='ocrx_word' id='word_1_236' title='bbox 1037 2452 1229 2535; x_wconf 79' lang='lat' dir='ltr'><strong>Acindynus,</strong></span> 
     </span>
     <span class='ocr_line' id='line_1_27' title="bbox 152 2534 1230 2622; baseline 0 -24"><span class='ocrx_word' id='word_1_237' title='bbox 152 2548 206 2598; x_wconf 88' lang='lat' dir='ltr'><strong>aut</strong></span> <span class='ocrx_word' id='word_1_238' title='bbox 227 2542 386 2622; x_wconf 87' lang='lat' dir='ltr'><strong>quisquam</strong></span> <span class='ocrx_word' id='word_1_239' title='bbox 418 2538 494 2601; x_wconf 85' lang='lat' dir='ltr'><strong>alins</strong></span> <span class='ocrx_word' id='word_1_240' title='bbox 517 2538 739 2600; x_wconf 83' lang='lat' dir='ltr'><strong>distinctionem</strong></span> <span class='ocrx_word' id='word_1_241' title='bbox 758 2539 884 2600; x_wconf 89' lang='lat' dir='ltr'><strong>rationis</strong></span> <span class='ocrx_word' id='word_1_242' title='bbox 906 2537 1050 2618; x_wconf 86' lang='lat' dir='ltr'><strong>negavit,</strong></span> <span class='ocrx_word' id='word_1_243' title='bbox 1072 2535 1125 2597; x_wconf 91' lang='lat' dir='ltr'><strong>sed</strong></span> <span class='ocrx_word' id='word_1_244' title='bbox 1145 2534 1230 2598; x_wconf 90' lang='lat' dir='ltr'><strong>illam</strong></span> 
     </span>
    </p>
   </div>
   <div class='ocr_carea' id='block_1_7' title="bbox 142 2619 1346 2786">
    <p class='ocr_par' dir='ltr' id='par_1_7' title="bbox 142 2619 1346 2786">
     <span class='ocr_line' id='line_1_28' title="bbox 152 2619 1326 2704; baseline -0.003 -22"><span class='ocrx_word' id='word_1_245' title='bbox 152 2622 320 2698; x_wconf 79' lang='lat' dir='ltr'><strong>dumtaxat,</strong></span> <span class='ocrx_word' id='word_1_246' title='bbox 342 2624 434 2704; x_wconf 72' lang='grc' dir='ltr'><strong><em>σῦεοι</em></strong></span> <span class='ocrx_word' id='word_1_247' title='bbox 454 2621 592 2684; x_wconf 88' lang='lat' dir='ltr'><strong>Palamas</strong></span> <span class='ocrx_word' id='word_1_248' title='bbox 606 2643 686 2683; x_wconf 88' lang='lat' dir='ltr'><strong>cnm</strong></span> <span class='ocrx_word' id='word_1_249' title='bbox 697 2623 760 2684; x_wconf 87' lang='lat' dir='ltr'><strong>suis</strong></span> <span class='ocrx_word' id='word_1_250' title='bbox 773 2621 895 2682; x_wconf 87' lang='lat' dir='ltr'><strong>indocte</strong></span> <span class='ocrx_word' id='word_1_251' title='bbox 912 2629 1099 2681; x_wconf 88' lang='lat' dir='ltr'><strong>commentas</strong></span> <span class='ocrx_word' id='word_1_252' title='bbox 1117 2619 1228 2683; x_wconf 78' lang='lat' dir='ltr'><strong>lucrata</strong></span> <span class='ocrx_word' id='word_1_253' title='bbox 1322 2680 1326 2689; x_wconf 75' lang='grc'>,</span> 
     </span>
     <span class='ocr_line' id='line_1_29' title="bbox 142 2702 1346 2786; baseline -0.002 -22"><span class='ocrx_word' id='word_1_254' title='bbox 142 2722 252 2786; x_wconf 64' lang='lat' dir='ltr'><strong>*neque</strong></span> <span class='ocrx_word' id='word_1_255' title='bbox 269 2707 351 2766; x_wconf 87' lang='lat' dir='ltr'><strong>enirn</strong></span> <span class='ocrx_word' id='word_1_256' title='bbox 369 2716 432 2766; x_wconf 89' lang='lat' dir='ltr'><strong>tam</strong></span> <span class='ocrx_word' id='word_1_257' title='bbox 459 2705 632 2786; x_wconf 88' lang='lat' dir='ltr'><strong>insipientes</strong></span> <span class='ocrx_word' id='word_1_258' title='bbox 652 2715 761 2778; x_wconf 85' lang='lat' dir='ltr'><strong>erant,</strong></span> <span class='ocrx_word' id='word_1_259' title='bbox 783 2715 829 2765; x_wconf 64' lang='lat' dir='ltr'><strong>&lt;at</strong></span> <span class='ocrx_word' id='word_1_260' title='bbox 857 2702 1079 2765; x_wconf 72' lang='lat' dir='ltr'><strong>dishnetionem</strong></span> <span class='ocrx_word' id='word_1_261' title='bbox 1105 2703 1230 2763; x_wconf 89' lang='lat' dir='ltr'><strong>rationis</strong></span> <span class='ocrx_word' id='word_1_262' title='bbox 1343 2738 1346 2745; x_wconf 70' lang='grc'><strong><em>»</em></strong></span> 
     </span>
    </p>
   </div>
   <div class='ocr_carea' id='block_1_8' title="bbox 152 2786 1231 2954">
    <p class='ocr_par' dir='ltr' id='par_1_8' title="bbox 152 2786 1231 2954">
     <span class='ocr_line' id='line_1_30' title="bbox 155 2786 1231 2868; baseline -0.003 -20"><span class='ocrx_word' id='word_1_263' title='bbox 155 2787 234 2849; x_wconf 87' lang='lat' dir='ltr'><strong>inter</strong></span> <span class='ocrx_word' id='word_1_264' title='bbox 252 2788 451 2850; x_wconf 84' lang='lat' dir='ltr'><strong>substantiam</strong></span> <span class='ocrx_word' id='word_1_265' title='bbox 484 2799 514 2848; x_wconf 89' lang='lat' dir='ltr'><strong>et</strong></span> <span class='ocrx_word' id='word_1_266' title='bbox 536 2790 742 2868; x_wconf 70' lang='lat' dir='ltr'><strong>operationem</strong></span> <span class='ocrx_word' id='word_1_267' title='bbox 761 2787 820 2847; x_wconf 90' lang='lat' dir='ltr'><strong>Dei</strong></span> <span class='ocrx_word' id='word_1_268' title='bbox 846 2806 908 2846; x_wconf 90' lang='lat' dir='ltr'><strong>non</strong></span> <span class='ocrx_word' id='word_1_269' title='bbox 928 2796 1136 2868; x_wconf 82' lang='lat' dir='ltr'><strong>agnoscerent.</strong></span> <span class='ocrx_word' id='word_1_270' title='bbox 1188 2786 1231 2846; x_wconf 86' lang='lat' dir='ltr'><strong>Et</strong></span> 
     </span>
     <span class='ocr_line' id='line_1_31' title="bbox 152 2868 1230 2954; baseline -0.002 -23"><span class='ocrx_word' id='word_1_271' title='bbox 152 2871 301 2932; x_wconf 83' lang='lat' dir='ltr'><strong>secundus</strong></span> <span class='ocrx_word' id='word_1_272' title='bbox 322 2869 399 2932; x_wconf 92' lang='lat' dir='ltr'><strong>liber</strong></span> <span class='ocrx_word' id='word_1_273' title='bbox 419 2870 572 2954; x_wconf 84' lang='lat' dir='ltr'><strong>Aeindyai</strong></span> <span class='ocrx_word' id='word_1_274' title='bbox 593 2869 681 2931; x_wconf 86' lang='lat' dir='ltr'><strong>facile</strong></span> <span class='ocrx_word' id='word_1_275' title='bbox 699 2891 733 2932; x_wconf 88' lang='lat' dir='ltr'><strong>se</strong></span> <span class='ocrx_word' id='word_1_276' title='bbox 751 2891 807 2930; x_wconf 87' lang='lat' dir='ltr'><strong>suo</strong></span> <span class='ocrx_word' id='word_1_277' title='bbox 827 2869 925 2930; x_wconf 85' lang='lat' dir='ltr'><strong>Marte</strong></span> <span class='ocrx_word' id='word_1_278' title='bbox 945 2868 984 2929; x_wconf 91' lang='lat' dir='ltr'><strong>ab</strong></span> <span class='ocrx_word' id='word_1_279' title='bbox 1004 2868 1145 2928; x_wconf 89' lang='lat' dir='ltr'><strong>omnibus</strong></span> <span class='ocrx_word' id='word_1_280' title='bbox 1165 2869 1230 2929; x_wconf 84' lang='lat' dir='ltr'><strong>istis</strong></span> 
     </span>
    </p>
   </div>
   <div class='ocr_carea' id='block_1_9' title="bbox 47 2950 1232 3035">
    <p class='ocr_par' dir='ltr' id='par_1_9' title="bbox 47 2950 1232 3035">
     <span class='ocr_line' id='line_1_32' title="bbox 47 2950 1232 3035; baseline -0.005 -19"><span class='ocrx_word' id='word_1_281' title='bbox 47 2998 51 3007; x_wconf 85' lang='lat'>·</span> <span class='ocrx_word' id='word_1_282' title='bbox 153 2953 312 3015; x_wconf 87' lang='lat' dir='ltr'><strong>calumniis</strong></span> <span class='ocrx_word' id='word_1_283' title='bbox 332 2953 481 3030; x_wconf 80' lang='lat' dir='ltr'><strong>defendet,</strong></span> <span class='ocrx_word' id='word_1_284' title='bbox 494 2966 530 3014; x_wconf 89' lang='lat' dir='ltr'><strong>ut</strong></span> <span class='ocrx_word' id='word_1_285' title='bbox 552 2963 679 3035; x_wconf 84' lang='lat' dir='ltr'><strong>patrono</strong></span> <span class='ocrx_word' id='word_1_286' title='bbox 698 2975 760 3014; x_wconf 90' lang='lat' dir='ltr'><strong>non</strong></span> <span class='ocrx_word' id='word_1_287' title='bbox 780 2963 873 3034; x_wconf 85' lang='lat' dir='ltr'><strong>egeat.</strong></span> <span class='ocrx_word' id='word_1_288' title='bbox 914 2954 979 3014; x_wconf 83' lang='lat' dir='ltr'><strong>Hoc</strong></span> <span class='ocrx_word' id='word_1_289' title='bbox 998 2950 1061 3025; x_wconf 86' lang='lat' dir='ltr'><strong>solo</strong></span> <span class='ocrx_word' id='word_1_290' title='bbox 1073 2952 1232 3027; x_wconf 78' lang='lat' dir='ltr'><strong>miserest,</strong></span> 
     </span>
    </p>
   </div>
   <div class='ocr_carea' id='block_1_10' title="bbox 150 3036 1279 3619">
    <p class='ocr_par' dir='ltr' id='par_1_10' title="bbox 150 3036 1234 3366">
     <span class='ocr_line' id='line_1_33' title="bbox 153 3036 1232 3117; baseline -0.002 -21"><span class='ocrx_word' id='word_1_291' title='bbox 153 3037 235 3117; x_wconf 87' lang='lat' dir='ltr'><strong>quod</strong></span> <span class='ocrx_word' id='word_1_292' title='bbox 247 3036 376 3099; x_wconf 84' lang='lat' dir='ltr'><strong>vinculis</strong></span> <span class='ocrx_word' id='word_1_293' title='bbox 388 3048 545 3099; x_wconf 84' lang='lat' dir='ltr'><strong>etcarcere</strong></span> <span class='ocrx_word' id='word_1_294' title='bbox 558 3038 714 3114; x_wconf 89' lang='lat' dir='ltr'><strong>attinetur,</strong></span> <span class='ocrx_word' id='word_1_295' title='bbox 733 3036 923 3101; x_wconf 80' lang='lat' dir='ltr'><strong>liberatorem</strong></span> <span class='ocrx_word' id='word_1_296' title='bbox 966 3055 983 3095; x_wconf 91' lang='lat' dir='ltr'><strong>e</strong></span> <span class='ocrx_word' id='word_1_297' title='bbox 1006 3044 1166 3115; x_wconf 78' lang='lat' dir='ltr'><strong>exspectat,</strong></span> <span class='ocrx_word' id='word_1_298' title='bbox 1175 3054 1232 3094; x_wconf 87' lang='lat' dir='ltr'><strong>nec</strong></span> 
     </span>
     <span class='ocr_line' id='line_1_34' title="bbox 152 3056 1231 3203; baseline -0.004 -22"><span class='ocrx_word' id='word_1_299' title='bbox 152 3121 283 3200; x_wconf 71' lang='lat' dir='ltr'><strong>repent:</strong></span> <span class='ocrx_word' id='word_1_300' title='bbox 305 3123 417 3203; x_wconf 87' lang='lat' dir='ltr'><strong>quippe</strong></span> <span class='ocrx_word' id='word_1_301' title='bbox 437 3141 499 3181; x_wconf 93' lang='lat' dir='ltr'><strong>non</strong></span> <span class='ocrx_word' id='word_1_302' title='bbox 511 3116 602 3181; x_wconf 87' lang='lat' dir='ltr'><strong>modo</strong></span> <span class='ocrx_word' id='word_1_303' title='bbox 617 3120 647 3181; x_wconf 88' lang='lat' dir='ltr'><strong>in</strong></span> <span class='ocrx_word' id='word_1_304' title='bbox 661 3118 787 3202; x_wconf 87' lang='lat' dir='ltr'><strong>vulgum</strong></span> <span class='ocrx_word' id='word_1_305' title='bbox 807 3122 853 3198; x_wconf 89' lang='lat' dir='ltr'><strong>(ut</strong></span> <span class='ocrx_word' id='word_1_306' title='bbox 867 3119 910 3179; x_wconf 89' lang='lat' dir='ltr'><strong>ait</strong></span> <span class='ocrx_word' id='word_1_307' title='bbox 924 3056 986 3194; x_wconf 50' lang='lat' dir='ltr'><strong>ppo)</strong></span> <span class='ocrx_word' id='word_1_308' title='bbox 996 3116 1151 3178; x_wconf 56' lang='lat' dir='ltr'><strong>&gt;hactenus</strong></span> <span class='ocrx_word' id='word_1_309' title='bbox 1166 3137 1231 3177; x_wconf 89' lang='lat' dir='ltr'><strong>non</strong></span> 
     </span>
     <span class='ocr_line' id='line_1_35' title="bbox 150 3200 1234 3286; baseline -0.006 -20"><span class='ocrx_word' id='word_1_310' title='bbox 150 3202 366 3285; x_wconf 72' lang='lat' dir='ltr'><strong>vulgsms,sed</strong></span> <span class='ocrx_word' id='word_1_311' title='bbox 378 3224 417 3265; x_wconf 90' lang='lat' dir='ltr'><strong>ne</strong></span> <span class='ocrx_word' id='word_1_312' title='bbox 430 3203 662 3265; x_wconf 89' lang='lat' dir='ltr'><strong>ineruditorum</strong></span> <span class='ocrx_word' id='word_1_313' title='bbox 673 3202 796 3286; x_wconf 85' lang='lat' dir='ltr'><strong>quidem</strong></span> <span class='ocrx_word' id='word_1_314' title='bbox 816 3213 946 3275; x_wconf 91' lang='lat' dir='ltr'><strong>coetum,</strong></span> <span class='ocrx_word' id='word_1_315' title='bbox 961 3200 1071 3282; x_wconf 85' lang='lat' dir='ltr'><strong>dignus</strong></span> <span class='ocrx_word' id='word_1_316' title='bbox 1090 3210 1170 3260; x_wconf 89' lang='lat' dir='ltr'><strong>certe</strong></span> <span class='ocrx_word' id='word_1_317' title='bbox 1183 3219 1234 3259; x_wconf 86' lang='lat' dir='ltr'><strong>an·</strong></span> 
     </span>
     <span class='ocr_line' id='line_1_36' title="bbox 154 3284 1234 3366; baseline -0.003 -19"><span class='ocrx_word' id='word_1_318' title='bbox 154 3294 230 3364; x_wconf 85' lang='lat' dir='ltr'><strong>etur,</strong></span> <span class='ocrx_word' id='word_1_319' title='bbox 241 3287 290 3347; x_wconf 89' lang='lat' dir='ltr'><strong>cni</strong></span> <span class='ocrx_word' id='word_1_320' title='bbox 301 3287 444 3348; x_wconf 86' lang='lat' dir='ltr'><strong>adversus</strong></span> <span class='ocrx_word' id='word_1_321' title='bbox 454 3287 655 3348; x_wconf 82' lang='lat' dir='ltr'><strong>Cantacuzeni</strong></span> <span class='ocrx_word' id='word_1_322' title='bbox 671 3287 744 3349; x_wconf 88' lang='lat' dir='ltr'><strong>scita</strong></span> <span class='ocrx_word' id='word_1_323' title='bbox 760 3295 791 3346; x_wconf 88' lang='lat' dir='ltr'><strong>et</strong></span> <span class='ocrx_word' id='word_1_324' title='bbox 802 3286 1040 3346; x_wconf 87' lang='lat' dir='ltr'><strong>decretamanus</strong></span> <span class='ocrx_word' id='word_1_325' title='bbox 1051 3284 1234 3366; x_wconf 86' lang='lat' dir='ltr'><strong>porrigatur.</strong></span> 
     </span>
    </p>

    <p class='ocr_par' dir='ltr' id='par_1_11' title="bbox 154 3367 1279 3619">
     <span class='ocr_line' id='line_1_37' title="bbox 236 3367 1234 3450; baseline -0.003 -20"><span class='ocrx_word' id='word_1_326' title='bbox 236 3369 378 3431; x_wconf 88' lang='lat' dir='ltr'><strong>Ceteram</strong></span> <span class='ocrx_word' id='word_1_327' title='bbox 399 3369 641 3443; x_wconf 82' lang='lat' dir='ltr'><strong>adeoPalamae</strong></span> <span class='ocrx_word' id='word_1_328' title='bbox 671 3368 913 3450; x_wconf 82' lang='lat' dir='ltr'><strong>asseclarumque</strong></span> <span class='ocrx_word' id='word_1_329' title='bbox 941 3368 1060 3429; x_wconf 80' lang='lat' dir='ltr'><strong>vanitas</strong></span> <span class='ocrx_word' id='word_1_330' title='bbox 1088 3367 1234 3427; x_wconf 84' lang='lat' dir='ltr'><strong>adversus</strong></span> 
     </span>
     <span class='ocr_line' id='line_1_38' title="bbox 154 3449 1279 3534; baseline -0.003 -23"><span class='ocrx_word' id='word_1_331' title='bbox 154 3453 312 3513; x_wconf 84' lang='lat' dir='ltr'><strong>veritatem</strong></span> <span class='ocrx_word' id='word_1_332' title='bbox 334 3473 395 3513; x_wconf 87' lang='lat' dir='ltr'><strong>non</strong></span> <span class='ocrx_word' id='word_1_333' title='bbox 415 3451 603 3534; x_wconf 84' lang='lat' dir='ltr'><strong>praevaluit,</strong></span> <span class='ocrx_word' id='word_1_334' title='bbox 624 3463 659 3512; x_wconf 90' lang='lat' dir='ltr'><strong>nt</strong></span> <span class='ocrx_word' id='word_1_335' title='bbox 678 3454 711 3513; x_wconf 93' lang='lat' dir='ltr'><strong>in</strong></span> <span class='ocrx_word' id='word_1_336' title='bbox 739 3451 804 3513; x_wconf 86' lang='lat' dir='ltr'><strong>dies</strong></span> <span class='ocrx_word' id='word_1_337' title='bbox 824 3451 988 3512; x_wconf 87' lang='lat' dir='ltr'><strong>doctissimi</strong></span> <span class='ocrx_word' id='word_1_338' title='bbox 1010 3450 1122 3531; x_wconf 86' lang='lat' dir='ltr'><strong>quique</strong></span> <span class='ocrx_word' id='word_1_339' title='bbox 1141 3449 1235 3509; x_wconf 82' lang='lat' dir='ltr'><strong>totins</strong></span> <span class='ocrx_word' id='word_1_340' title='bbox 1275 3475 1279 3483; x_wconf 33' lang='lat' dir='ltr'><strong>r</strong></span> 
     </span>
     <span class='ocr_line' id='line_1_39' title="bbox 155 3529 1235 3619; baseline -0.004 -25"><span class='ocrx_word' id='word_1_341' title='bbox 155 3536 297 3603; x_wconf 82' lang='lat' dir='ltr'><strong>Graeciae</strong></span> <span class='ocrx_word' id='word_1_342' title='bbox 316 3533 355 3596; x_wconf 85' lang='lat' dir='ltr'><strong>ad</strong></span> <span class='ocrx_word' id='word_1_343' title='bbox 374 3535 524 3597; x_wconf 82' lang='lat' dir='ltr'><strong>Barlaami</strong></span> <span class='ocrx_word' id='word_1_344' title='bbox 547 3546 578 3596; x_wconf 90' lang='lat' dir='ltr'><strong>et</strong></span> <span class='ocrx_word' id='word_1_345' title='bbox 597 3534 748 3619; x_wconf 80' lang='lat' dir='ltr'><strong>Acindyni</strong></span> <span class='ocrx_word' id='word_1_346' title='bbox 767 3545 865 3596; x_wconf 86' lang='lat' dir='ltr'><strong>eastra</strong></span> <span class='ocrx_word' id='word_1_347' title='bbox 884 3533 1116 3609; x_wconf 83' lang='lat' dir='ltr'><strong>transfugerent,</strong></span> <span class='ocrx_word' id='word_1_348' title='bbox 1137 3529 1235 3591; x_wconf 89' lang='lat' dir='ltr'><strong>multa</strong></span> 
     </span>
    </p>
   </div>
   <div class='ocr_carea' id='block_1_11' title="bbox 37 3614 1234 3702">
    <p class='ocr_par' dir='ltr' id='par_1_12' title="bbox 37 3614 1234 3702">
     <span class='ocr_line' id='line_1_40' title="bbox 37 3614 1234 3702; baseline -0.007 -21"><span class='ocrx_word' id='word_1_349' title='bbox 37 3633 41 3639; x_wconf 89' lang='grc'><em>’</em></span> <span class='ocrx_word' id='word_1_350' title='bbox 154 3614 298 3681; x_wconf 84' lang='lat' dir='ltr'><strong>Palamse</strong></span> <span class='ocrx_word' id='word_1_351' title='bbox 313 3618 409 3681; x_wconf 84' lang='lat' dir='ltr'><strong>salute</strong></span> <span class='ocrx_word' id='word_1_352' title='bbox 429 3620 520 3689; x_wconf 81' lang='lat' dir='ltr'><strong>dieta,</strong></span> <span class='ocrx_word' id='word_1_353' title='bbox 541 3619 620 3678; x_wconf 88' lang='lat' dir='ltr'><strong>inter</strong></span> <span class='ocrx_word' id='word_1_354' title='bbox 641 3640 716 3702; x_wconf 85' lang='lat' dir='ltr'><strong>quos</strong></span> <span class='ocrx_word' id='word_1_355' title='bbox 736 3619 800 3700; x_wconf 89' lang='lat' dir='ltr'><strong>ipse</strong></span> <span class='ocrx_word' id='word_1_356' title='bbox 817 3616 987 3698; x_wconf 85' lang='lat' dir='ltr'><strong>patriarcha</strong></span> <span class='ocrx_word' id='word_1_357' title='bbox 1008 3616 1136 3675; x_wconf 89' lang='lat' dir='ltr'><strong>loannes</strong></span> <span class='ocrx_word' id='word_1_358' title='bbox 1157 3624 1234 3687; x_wconf 89' lang='lat' dir='ltr'><strong>erat,</strong></span> 
     </span>
    </p>
   </div>
   <div class='ocr_carea' id='block_1_12' title="bbox 155 3698 1237 3784">
    <p class='ocr_par' dir='ltr' id='par_1_13' title="bbox 155 3698 1237 3784">
     <span class='ocr_line' id='line_1_41' title="bbox 155 3698 1237 3784; baseline -0.001 -25"><span class='ocrx_word' id='word_1_359' title='bbox 155 3703 269 3780; x_wconf 86' lang='lat' dir='ltr'><strong>primae</strong></span> <span class='ocrx_word' id='word_1_360' title='bbox 289 3712 320 3761; x_wconf 91' lang='lat' dir='ltr'><strong>et</strong></span> <span class='ocrx_word' id='word_1_361' title='bbox 338 3701 486 3762; x_wconf 85' lang='lat' dir='ltr'><strong>secundae</strong></span> <span class='ocrx_word' id='word_1_362' title='bbox 506 3701 622 3784; x_wconf 85' lang='lat' dir='ltr'><strong>Synodi</strong></span> <span class='ocrx_word' id='word_1_363' title='bbox 651 3711 755 3764; x_wconf 80' lang='lat' dir='ltr'><strong>eontm</strong></span> <span class='ocrx_word' id='word_1_364' title='bbox 776 3699 966 3759; x_wconf 88' lang='lat' dir='ltr'><strong>Barlaamum</strong></span> <span class='ocrx_word' id='word_1_365' title='bbox 994 3706 1024 3758; x_wconf 90' lang='lat' dir='ltr'><strong>et</strong></span> <span class='ocrx_word' id='word_1_366' title='bbox 1041 3698 1237 3780; x_wconf 83' lang='lat' dir='ltr'><strong>Acindynum</strong></span> 
     </span>
    </p>
   </div>
   <div class='ocr_carea' id='block_1_13' title="bbox 154 3783 1239 4285">
    <p class='ocr_par' dir='ltr' id='par_1_14' title="bbox 154 3783 1239 4285">
     <span class='ocr_line' id='line_1_42' title="bbox 177 3783 1237 3866; baseline -0.003 -23"><span class='ocrx_word' id='word_1_367' title='bbox 177 3802 296 3861; x_wconf 80' lang='lat' dir='ltr'><strong>reeses3</strong></span> <span class='ocrx_word' id='word_1_368' title='bbox 318 3783 371 3845; x_wconf 87' lang='lat' dir='ltr'><strong>sed</strong></span> <span class='ocrx_word' id='word_1_369' title='bbox 391 3805 509 3866; x_wconf 86' lang='lat' dir='ltr'><strong>praeses</strong></span> <span class='ocrx_word' id='word_1_370' title='bbox 529 3804 591 3844; x_wconf 88' lang='lat' dir='ltr'><strong>non</strong></span> <span class='ocrx_word' id='word_1_371' title='bbox 611 3798 741 3866; x_wconf 85' lang='lat' dir='ltr'><strong>praeses,</strong></span> <span class='ocrx_word' id='word_1_372' title='bbox 762 3785 833 3864; x_wconf 82' lang='lat' dir='ltr'><strong>quia</strong></span> <span class='ocrx_word' id='word_1_373' title='bbox 852 3792 919 3861; x_wconf 88' lang='lat' dir='ltr'><strong>post</strong></span> <span class='ocrx_word' id='word_1_374' title='bbox 939 3783 1172 3861; x_wconf 82' lang='lat' dir='ltr'><strong>imperatorem:</strong></span> <span class='ocrx_word' id='word_1_375' title='bbox 1204 3791 1237 3842; x_wconf 92' lang='lat' dir='ltr'><strong>et</strong></span> 
     </span>
     <span class='ocr_line' id='line_1_43' title="bbox 154 3803 1238 3946; baseline -0.006 -17"><span class='ocrx_word' id='word_1_376' title='bbox 154 3803 231 3929; x_wconf 73' lang='lat' dir='ltr'><strong>llice</strong></span> <span class='ocrx_word' id='word_1_377' title='bbox 252 3865 343 3928; x_wconf 86' lang='lat' dir='ltr'><strong>horus</strong></span> <span class='ocrx_word' id='word_1_378' title='bbox 353 3869 397 3928; x_wconf 89' lang='lat' dir='ltr'><strong>Gr</strong></span> <span class='ocrx_word' id='word_1_379' title='bbox 433 3888 511 3943; x_wconf 88' lang='lat' dir='ltr'><strong>oras,</strong></span> <span class='ocrx_word' id='word_1_380' title='bbox 533 3870 615 3927; x_wconf 90' lang='lat' dir='ltr'><strong>omni</strong></span> <span class='ocrx_word' id='word_1_381' title='bbox 630 3867 798 3927; x_wconf 89' lang='lat' dir='ltr'><strong>litterarum</strong></span> <span class='ocrx_word' id='word_1_382' title='bbox 820 3862 990 3946; x_wconf 85' lang='lat' dir='ltr'><strong>cognitione</strong></span> <span class='ocrx_word' id='word_1_383' title='bbox 1009 3884 1045 3923; x_wconf 88' lang='lat' dir='ltr'><strong>ea</strong></span> <span class='ocrx_word' id='word_1_384' title='bbox 1063 3854 1238 3944; x_wconf 80' lang='lat' dir='ltr'><strong>tempestate</strong></span> 
     </span>
     <span class='ocr_line' id='line_1_44' title="bbox 156 3888 1237 4031; baseline -0.004 -24"><span class='ocrx_word' id='word_1_385' title='bbox 156 3969 216 4028; x_wconf 90' lang='lat' dir='ltr'><strong>apn</strong></span> <span class='ocrx_word' id='word_1_386' title='bbox 262 3888 546 4028; x_wconf 47' lang='lat' dir='ltr'><strong>Graecosllltusnis,</strong></span> <span class='ocrx_word' id='word_1_387' title='bbox 569 3948 607 4027; x_wconf 90' lang='lat' dir='ltr'><strong>de</strong></span> <span class='ocrx_word' id='word_1_388' title='bbox 627 3970 688 4031; x_wconf 89' lang='lat' dir='ltr'><strong>quo</strong></span> <span class='ocrx_word' id='word_1_389' title='bbox 701 3958 812 4029; x_wconf 74' lang='lat' dir='ltr'><strong>,postea</strong></span> <span class='ocrx_word' id='word_1_390' title='bbox 835 3948 978 4008; x_wconf 87' lang='lat' dir='ltr'><strong>dicemus.</strong></span> <span class='ocrx_word' id='word_1_391' title='bbox 1020 3947 1112 4008; x_wconf 87' lang='lat' dir='ltr'><strong>Nunc</strong></span> <span class='ocrx_word' id='word_1_392' title='bbox 1133 3946 1172 4009; x_wconf 86' lang='lat' dir='ltr'><strong>ad</strong></span> <span class='ocrx_word' id='word_1_393' title='bbox 1186 3945 1237 4004; x_wconf 88' lang='lat' dir='ltr'><strong>lo-</strong></span> 
     </span>
     <span class='ocr_line' id='line_1_45' title="bbox 155 4031 1237 4115; baseline -0.004 -24"><span class='ocrx_word' id='word_1_394' title='bbox 155 4051 267 4091; x_wconf 85' lang='lat' dir='ltr'><strong>annem</strong></span> <span class='ocrx_word' id='word_1_395' title='bbox 277 4034 490 4115; x_wconf 82' lang='lat' dir='ltr'><strong>patriarcham,</strong></span> <span class='ocrx_word' id='word_1_396' title='bbox 511 4043 616 4096; x_wconf 88' lang='lat' dir='ltr'><strong>eontra</strong></span> <span class='ocrx_word' id='word_1_397' title='bbox 629 4053 731 4114; x_wconf 84' lang='lat' dir='ltr'><strong>quem,</strong></span> <span class='ocrx_word' id='word_1_398' title='bbox 745 4042 780 4091; x_wconf 92' lang='lat' dir='ltr'><strong>ut</strong></span> <span class='ocrx_word' id='word_1_399' title='bbox 793 4031 944 4112; x_wconf 79' lang='lat' dir='ltr'><strong>Acindyni</strong></span> <span class='ocrx_word' id='word_1_400' title='bbox 959 4040 1146 4103; x_wconf 89' lang='lat' dir='ltr'><strong>sectatorem,</strong></span> <span class='ocrx_word' id='word_1_401' title='bbox 1162 4048 1237 4088; x_wconf 88' lang='lat' dir='ltr'><strong>con·</strong></span> 
     </span>
     <span class='ocr_line' id='line_1_46' title="bbox 156 4112 1237 4200; baseline -0.004 -26"><span class='ocrx_word' id='word_1_402' title='bbox 156 4125 277 4196; x_wconf 87' lang='lat' dir='ltr'><strong>gregata</strong></span> <span class='ocrx_word' id='word_1_403' title='bbox 299 4127 343 4176; x_wconf 90' lang='lat' dir='ltr'><strong>est</strong></span> <span class='ocrx_word' id='word_1_404' title='bbox 361 4118 506 4200; x_wconf 85' lang='lat' dir='ltr'><strong>synodus,</strong></span> <span class='ocrx_word' id='word_1_405' title='bbox 527 4117 618 4177; x_wconf 84' lang='lat' dir='ltr'><strong>Anna</strong></span> <span class='ocrx_word' id='word_1_406' title='bbox 639 4116 829 4196; x_wconf 88' lang='lat' dir='ltr'><strong>imperatrice</strong></span> <span class='ocrx_word' id='word_1_407' title='bbox 849 4125 880 4181; x_wconf 86' lang='lat' dir='ltr'><strong>ct</strong></span> <span class='ocrx_word' id='word_1_408' title='bbox 896 4112 959 4174; x_wconf 88' lang='lat' dir='ltr'><strong>filio</strong></span> <span class='ocrx_word' id='word_1_409' title='bbox 972 4115 1037 4174; x_wconf 92' lang='lat' dir='ltr'><strong>eius</strong></span> <span class='ocrx_word' id='word_1_410' title='bbox 1057 4115 1237 4192; x_wconf 87' lang='lat' dir='ltr'><strong>imperatore</strong></span> 
     </span>
     <span class='ocr_line' id='line_1_47' title="bbox 156 4194 1239 4285; baseline -0.005 -25"><span class='ocrx_word' id='word_1_411' title='bbox 156 4198 271 4261; x_wconf 83' lang='lat' dir='ltr'><strong>Ioanne</strong></span> <span class='ocrx_word' id='word_1_412' title='bbox 291 4199 470 4285; x_wconf 82' lang='lat' dir='ltr'><strong>Palacologo</strong></span> <span class='ocrx_word' id='word_1_413' title='bbox 496 4200 760 4285; x_wconf 79' lang='lat' dir='ltr'><strong>praesidentibusr</strong></span> <span class='ocrx_word' id='word_1_414' title='bbox 794 4198 832 4260; x_wconf 90' lang='lat' dir='ltr'><strong>de</strong></span> <span class='ocrx_word' id='word_1_415' title='bbox 854 4218 915 4280; x_wconf 90' lang='lat' dir='ltr'><strong>qun</strong></span> <span class='ocrx_word' id='word_1_416' title='bbox 948 4196 1064 4281; x_wconf 72' lang='lat' dir='ltr'><strong>synodo</strong></span> <span class='ocrx_word' id='word_1_417' title='bbox 1087 4194 1239 4257; x_wconf 84' lang='lat' dir='ltr'><strong>Cantacu·</strong></span> 
     </span>
    </p>
   </div>
   <div class='ocr_carea' id='block_1_14' title="bbox 0 0 1471 4676">
    <p class='ocr_par' dir='ltr' id='par_1_15' title="bbox 0 0 1471 4676">
     <span class='ocr_line' id='line_1_48' title="bbox 0 0 1471 4676; baseline 0 0"><span class='ocrx_word' id='word_1_418' title='bbox 0 0 1471 4676; x_wconf 95' lang='lat' dir='ltr'><strong> </strong></span> 
     </span>
    </p>
   </div>
  </div>
 </body>
</html>
