2908 4678
409 305 465 372 tn
493 304 955 372 maerensmaerens.
1132 280 1216 396 539

129 461 318 525 merissimae
341 479 435 543 genus
454 459 614 533 saevitiae,
643 460 734 521 mmm
757 462 790 520 in
815 469 972 537 mortuos,
1000 471 1156 545 tamquam
1178 470 1209 527 in

127 547 231 618 vivos,
257 546 421 606 desaevire.
441 562 574 604 roursn.

206 628 381 709 Peg-582,
408 624 454 687 18.
491 645 606 709 quem
639 624 764 708 Papa
800 626 955 705 eligere
991 633 1211 692 consuevit.

129 715 235 788 Nota,
265 711 356 773 etism
375 709 534 769 schismate
551 705 670 770 divulsa
699 708 839 770 orientali
861 707 986 771 ecelesia
1007 730 1025 771 a
1048 711 1210 787 Romana,

129 797 302 883 pontificem
316 797 485 855 Romanum
501 789 596 853 nihilo
607 791 707 853 minus
726 791 849 853 solitum
867 789 977 875 eligere
994 794 1208 874 patriarcham.

132 883 213 962 Quia
242 877 382 941 videlieet
414 875 653 937 iurisdictionem
689 884 933 958 potestatemque,
956 876 1014 937 sibi
1042 898 1061 965 a
1090 878 1212 941 Christo

131 967 275 1029 traditam
298 982 361 1022 nou
382 961 535 1021 amiserat.
555 978 688 1025 rossan.

213 1043 441 1127 Pagasaeo.
460 1041 529 1103 sub
547 1042 649 1125 ipsis
673 1042 1018 1125 aliquandosuit.
1058 1043 1123 1105 Sub
1141 1046 1211 1127 qui·

131 1130 190 1193 bus
210 1128 328 1192 Latinis
346 1137 376 1188 et
398 1125 543 1208 quamdiu
565 1122 656 1185 fuerit
671 1124 957 1209 Constanunopolis,
977 1127 1136 1190 docuimus
1154 1151 1212 1191 no·

132 1216 172 1276 tis
190 1214 223 1275 in
241 1212 294 1276 lib.
311 1231 343 1271 a.
369 1230 437 1291 cap.
456 1207 506 1273 36.
527 1225 655 1271 norrun.
1219 1245 1223 1254 -

214 1292 444 1376 Pag·587,as.
478 1293 577 1353 hunc
607 1294 714 1354 enim
742 1312 902 1354 morem.
942 1291 1088 1377 Exempla
1119 1299 1213 1361 moris
1253 1286 1257 1297 ’

135 1379 234 1441 huius·
252 1397 307 1460 ego
328 1373 412 1436 nulla
440 1372 585 1435 hactenus
615 1371 692 1457 legi:
722 1395 779 1436 nce
796 1387 897 1438 tamen
930 1376 1108 1441 historicum
1134 1384 1213 1444 istuc

134 1473 247 1524 temere
268 1458 431 1521 affirmasse
451 1468 537 1539 puto.
556 1476 686 1537 ronrss.

218 1543 453 1626 Pag.597,19.
486 1541 591 1604 lotis
627 1540 825 1609 manibus.
875 1542 955 1605 Nota
983 1546 1093 1605 veneni
1121 1566 1216 1628 genus

134 1628 434 1713 praesentissimum,
468 1644 503 1686 ex
535 1624 739 1705 sequentibus.
780 1628 829 1687 De
851 1646 968 1687 veneno
984 1649 1038 1708 per
1068 1627 1146 1691 filios
1171 1631 1212 1693 ab

133 1714 296 1794 Antipatro
323 1709 386 1790 regi
404 1705 578 1769 Alexandro
601 1707 673 1775 dato
706 1709 737 1767 iu
757 1707 887 1790 poculo,
917 1711 1049 1772 lustinus
1078 1711 1133 1774 lib.
1162 1735 1212 1779 12.
1289 1776 1295 1785 ,

133 1805 249 1856 tantam
268 1790 442 1854 eius'luisse
461 1791 543 1868 vim,
571 1801 606 1850 nt
636 1810 698 1851 non
726 1812 816 1871 aere,
836 1812 897 1853 non
918 1794 997 1854 ferro
1009 1838 1020 1871 ,
1054 1816 1115 1855 non
1136 1807 1215 1858 testa

137 1879 359 1951 contineretur,
385 1895 441 1934 nec
469 1872 558 1933 aliter
583 1873 673 1949 ferri,
694 1874 752 1934 nisi
777 1876 810 1934 in
830 1873 943 1957 ungula
972 1878 1041 1959 equi
1070 1881 1213 1959 potuerit.

132 1962 175 2022 Et
196 1981 268 2022 sane
289 1956 460 2018 Alexander
478 1966 599 2038 accepto
618 1954 740 2037 menie,
763 1957 862 2019 media
876 1963 999 2039 ponem
1016 1972 1139 2042 repente
1161 1984 1216 2022 ve·

133 2042 191 2104 luti
209 2040 272 2105 telo
292 2039 426 2101 confixus
446 2039 609 2120 ingemuitt
643 2037 800 2120 elatusque
819 2062 837 2101 e
857 2045 998 2103 convivio
1020 2045 1214 2122 semianimis,

133 2136 219 2187 tanto
237 2121 342 2187 dolore
362 2123 514 2182 cruciatus
534 2132 606 2199 est,
634 2132 671 2182 ut
699 2123 812 2183 ferrum
840 2125 871 2184 in
900 2125 1034 2186 remedia
1062 2138 1215 2207 posceret,

134 2219 309 2291 tactumque
328 2207 486 2266 bominum
508 2203 592 2265 velut
610 2202 736 2265 vulnera
764 2205 966 2274 indolesceret.
988 2229 1114 2271 roseas.

217 2288 445 2373 Paqdolqms.
475 2288 742 2371 imperatrice
769 2290 938 2368 arsilio
963 2292 1215 2375 imperatore.

134 2372 255 2436 Scilicet
277 2375 336 2434 hoe
356 2393 390 2433 su
414 2382 512 2433 ererat
541 2369 579 2432 ad
602 2372 755 2454 periturae
781 2374 924 2435 Graeciae
952 2375 1149 2451 foeditatem,
1180 2390 1216 2437 nt

126 2459 246 2520 'femina
273 2477 344 2519 cum
371 2395 435 2516 fiio
458 2454 633 2536 quindecim
663 2475 812 2516 annorum
837 2457 1027 2538 praesideret*
1046 2459 1162 2542 synodo
1186 2471 1217 2522 et

134 2542 281 2624 episeopis
310 2541 375 2600 iura
400 2538 495 2604 daret.
537 2539 615 2617 Quis
639 2537 688 2601 vel
718 2539 811 2600 fando
835 2540 906 2602 talia
927 2542 1068 2603 audivit?
1108 2543 1216 2626 Neque

134 2628 217 2687 enim
237 2634 356 2685 tantum
380 2620 550 2702 praesedit,
577 2620 636 2683 hoc
660 2632 716 2698 est,
737 2625 838 2705 primo
862 2622 943 2702 loco,
970 2637 1042 2687 ante
1062 2626 1217 2709 episcopos

133 2708 231 2786 sedit,
258 2719 294 2768 ut
317 2707 483 2766 Martianus
517 2703 590 2765 olim
616 2705 650 2766 in
674 2705 801 2766 coneilio
826 2706 1064 2771 Chalcedonensi
1082 2722 1112 2771 et
1136 2710 1217 2771 Con·

136 2793 285 2853 mannans
308 2792 339 2849 in
365 2785 492 2849 concilio
515 2798 607 2851 sexto.
648 2787 713 2848 Nee
740 2789 888 2869 praesedit
909 2803 1040 2869 tantum,
1061 2803 1099 2853 ut
1118 2804 1218 2874 patres

133 2875 241 2957 synodi
261 2874 301 2935 ab
319 2875 402 2932 omni
427 2870 569 2933 violentia
580 2882 660 2932 tutos
676 2883 840 2952 praestaret
856 2886 1044 2958 sumetque,
1068 2886 1103 2935 ut
1114 2880 1217 2938 omnia

136 2956 270 3040 legitime
291 2957 356 3019 sine
379 2957 422 3028 vi,
443 2954 551 3015 fraude
567 2966 599 3015 et
613 2952 795 3017 tumultibus
816 2970 1043 3040 peragerentur,
1065 2959 1116 3019 sed
1132 2981 1218 3041 prae·

135 3042 224 3119 sedit,
246 3051 282 3101 ut
306 3039 580 3101 controversiarum
611 3048 642 3099 et
669 3042 880 3119 quaestionum
902 3041 1000 3106 iudex.
1032 3042 1119 3103 Hanc
1137 3045 1219 3104 eninr

133 3134 315 3207 potestatem
330 3123 488 3189 ¹recentior
516 3131 547 3182 et
567 3122 736 3204 imperitior
753 3123 881 3185 Graecia
902 3118 963 3186 suis
987 3125 1219 3208 imperatoribus

133 3205 284 3269 detulerat
304 3206 441 3267 inaudito
462 3225 481 3265 a
501 3203 691 3266 Christianae
713 3204 783 3267 fidei
803 3206 995 3271 incunabulis
1015 3209 1163 3291 exemplo,
1185 3221 1221 3272 ut

133 3289 223 3352 docet
243 3287 413 3351 cardinalis
436 3287 636 3349 Bellarminus
657 3286 710 3350 lib.
728 3304 756 3348 r.
787 3288 826 3351 de
853 3290 997 3353 Conciliis
1030 3304 1061 3354 et
1081 3293 1219 3356 Ecclesia

134 3395 199 3457 cap.
221 3394 267 3458 ¹9·
287 3385 318 3435 et
339 3394 391 3434 an.
434 3372 585 3452 Quocirca
616 3372 707 3453 primi
737 3373 829 3434 etiam
857 3374 1090 3439 subscribebant
1123 3398 1219 3458 aeque
1264 3390 1267 3405 ⁴

133 3459 278 3520 inusitato
310 3453 455 3539 exemplo.
497 3456 578 3518 Cum
606 3465 675 3515 octo
702 3453 817 3516 luerim
842 3456 916 3519 olim
947 3459 1100 3543 generales
1127 3472 1218 3542 atque

132 3544 343 3603 oecumenicae
366 3537 475 3623 synodi
507 3540 540 3599 in
568 3538 695 3599 Graecia
727 3538 915 3617 celebratae,
950 3543 1070 3605 duabus
1099 3554 1219 3604 tantum

134 3624 331 3707 imperatores
355 3622 618 3704 subscripserunt,
647 3622 749 3702 inquit
780 3624 1027 3707 Villalpandaeus
1055 3627 1165 3707 disput.
1187 3647 1218 3688 a.
1320 3641 1324 3646 ·

134 3729 191 3789 pro
223 3706 337 3771 Cooeii.
367 3706 519 3781 Trident,
553 3706 698 3765 nimirum
728 3716 827 3767 sextae
859 3718 890 3768 et
918 3718 1052 3774 octavae.
1094 3710 1156 3772 Sed
1184 3712 1217 3771 in

135 3801 217 3853 sexta
239 3795 403 3874 imperator
415 3789 631 3850 Constantinus
651 3786 776 3849 ultimus
794 3791 929 3851 omnium
947 3791 1132 3875 subscripsit,
1155 3814 1219 3854 non

135 3874 301 3954 deliniens,
327 3874 381 3937 sed
403 3871 610 3945 consentiens.¹
642 3869 685 3930 Et
708 3871 834 3934 Basilius
862 3877 1028 3957 imperator
1053 3876 1084 3937 in
1116 3888 1222 3939 octava

135 3959 252 4041 synodo
271 3958 446 4041 subscripsit
465 3964 532 4037 post
551 3973 656 4015 omnes
675 3955 872 4034 patriarchas,
904 3957 1042 4021 similiter
1062 3981 1124 4021 non
1146 3961 1221 4021 defi·

136 4044 236 4118 niens,
256 4041 308 4103 sed
331 4042 494 4125 suscipiens
515 4048 547 4099 et
564 4038 764 4111 consenticus,
787 4040 871 4122 prius
890 4045 980 4104 etiam
1000 4044 1169 4125 praefatus,
1190 4062 1223 4104 se

134 4125 276 4191 debuisse
296 4126 483 4187 subscribere
505 4130 573 4202 post
594 4140 698 4181 omnes
719 4123 892 4206 episcopos,
924 4138 959 4189 nt
988 4126 1060 4188 olim
1091 4127 1224 4188 fecerunt

135 4209 363 4293 mmmmm,
384 4206 578 4272 'sheodoaius
598 4215 629 4266 et
641 4200 819 4286 Martianus,
841 4219 942 4289 tamen
963 4232 996 4273 se
1015 4210 1226 4296 swsenpsisse
