<?xml version="1.0" encoding="UTF-8"?>
<!DOCTYPE html PUBLIC "-//W3C//DTD XHTML 1.0 Transitional//EN"
    "http://www.w3.org/TR/xhtml1/DTD/xhtml1-transitional.dtd">
<html xmlns="http://www.w3.org/1999/xhtml" xml:lang="en" lang="en">
 <head>
  <title>
</title>
<meta http-equiv="Content-Type" content="text/html;charset=utf-8" />
  <meta name='ocr-system' content='tesseract 3.04.00' />
  <meta name='ocr-capabilities' content='ocr_page ocr_carea ocr_par ocr_line ocrx_word'/>
</head>
<body>
  <div class='ocr_page' id='page_1' title='image "./ioanniscantacuz03joangoog_0403.png"; bbox 0 0 2978 4678; ppageno 0'>
   <div class='ocr_carea' id='block_1_1' title="bbox 250 244 942 379">
    <p class='ocr_par' dir='ltr' id='par_1_1' title="bbox 250 244 942 379">
     <span class='ocr_line' id='line_1_1' title="bbox 250 244 942 379; baseline 0.004 -28"><span class='ocrx_word' id='word_1_1' title='bbox 250 265 332 379; x_wconf 79' lang='lat'><strong>372</strong></span> <span class='ocrx_word' id='word_1_2' title='bbox 629 244 942 366; x_wconf 70' lang='lat' dir='ltr'><strong>Allttotlirlonts</strong></span> 
     </span>
    </p>
   </div>
   <div class='ocr_carea' id='block_1_2' title="bbox 169 439 1338 3415">
    <p class='ocr_par' dir='ltr' id='par_1_2' title="bbox 169 439 1331 1352">
     <span class='ocr_line' id='line_1_2' title="bbox 251 439 1328 529; baseline -0.002 -23"><span class='ocrx_word' id='word_1_3' title='bbox 251 466 342 529; x_wconf 86' lang='lat' dir='ltr'><strong>qnam</strong></span> <span class='ocrx_word' id='word_1_4' title='bbox 365 445 493 506; x_wconf 80' lang='lat' dir='ltr'><strong>retinere</strong></span> <span class='ocrx_word' id='word_1_5' title='bbox 512 445 661 505; x_wconf 84' lang='lat' dir='ltr'><strong>Graecum</strong></span> <span class='ocrx_word' id='word_1_6' title='bbox 690 442 836 504; x_wconf 77' lang='lat' dir='ltr'><strong>aedicere</strong></span> <span class='ocrx_word' id='word_1_7' title='bbox 860 439 1154 526; x_wconf 56' lang='lat' dir='ltr'><strong>Porplqymgewre&#39;ta.</strong></span> <span class='ocrx_word' id='word_1_8' title='bbox 1194 440 1328 504; x_wconf 82' lang='lat' dir='ltr'><strong>Verom-</strong></span> 
     </span>
     <span class='ocr_line' id='line_1_3' title="bbox 169 524 1328 608; baseline -0.002 -18"><span class='ocrx_word' id='word_1_9' title='bbox 169 556 173 565; x_wconf 88' lang='lat'><strong>·</strong></span> <span class='ocrx_word' id='word_1_10' title='bbox 251 542 350 590; x_wconf 89' lang='lat' dir='ltr'><strong>tamen</strong></span> <span class='ocrx_word' id='word_1_11' title='bbox 372 529 583 589; x_wconf 65' lang='lat' dir='ltr'><strong>Constantinus</strong></span> <span class='ocrx_word' id='word_1_12' title='bbox 604 529 659 587; x_wconf 91' lang='lat' dir='ltr'><strong>iste</strong></span> <span class='ocrx_word' id='word_1_13' title='bbox 678 546 740 585; x_wconf 89' lang='lat' dir='ltr'><strong>non</strong></span> <span class='ocrx_word' id='word_1_14' title='bbox 761 525 818 584; x_wconf 85' lang='lat' dir='ltr'><strong>suit</strong></span> <span class='ocrx_word' id='word_1_15' title='bbox 837 527 987 608; x_wconf 82' lang='lat' dir='ltr'><strong>proximus</strong></span> <span class='ocrx_word' id='word_1_16' title='bbox 1006 524 1093 584; x_wconf 87' lang='lat' dir='ltr'><strong>heres</strong></span> <span class='ocrx_word' id='word_1_17' title='bbox 1114 527 1251 606; x_wconf 89' lang='lat' dir='ltr'><strong>imperii,</strong></span> <span class='ocrx_word' id='word_1_18' title='bbox 1272 526 1328 588; x_wconf 85' lang='lat' dir='ltr'><strong>sed</strong></span> 
     </span>
     <span class='ocr_line' id='line_1_4' title="bbox 251 605 1326 693; baseline -0.002 -21"><span class='ocrx_word' id='word_1_19' title='bbox 251 613 405 693; x_wconf 84' lang='lat' dir='ltr'><strong>posterior.</strong></span> <span class='ocrx_word' id='word_1_20' title='bbox 445 611 569 670; x_wconf 85' lang='lat' dir='ltr'><strong>Etenim</strong></span> <span class='ocrx_word' id='word_1_21' title='bbox 591 605 722 670; x_wconf 87' lang='lat' dir='ltr'><strong>Michael</strong></span> <span class='ocrx_word' id='word_1_22' title='bbox 745 617 829 688; x_wconf 90' lang='lat' dir='ltr'><strong>pater</strong></span> <span class='ocrx_word' id='word_1_23' title='bbox 847 607 1047 681; x_wconf 83' lang='lat' dir='ltr'><strong>Andronico,</strong></span> <span class='ocrx_word' id='word_1_24' title='bbox 1067 618 1136 666; x_wconf 88' lang='lat' dir='ltr'><strong>aute</strong></span> <span class='ocrx_word' id='word_1_25' title='bbox 1156 626 1326 690; x_wconf 80' lang='lat' dir='ltr'><strong>purpuram</strong></span> 
     </span>
     <span class='ocr_line' id='line_1_5' title="bbox 251 686 1331 773; baseline -0.004 -18"><span class='ocrx_word' id='word_1_26' title='bbox 251 695 309 756; x_wconf 83' lang='lat' dir='ltr'><strong>sibi</strong></span> <span class='ocrx_word' id='word_1_27' title='bbox 328 704 410 768; x_wconf 86' lang='lat' dir='ltr'><strong>nato,</strong></span> <span class='ocrx_word' id='word_1_28' title='bbox 432 703 468 752; x_wconf 90' lang='lat' dir='ltr'><strong>ut</strong></span> <span class='ocrx_word' id='word_1_29' title='bbox 488 703 622 773; x_wconf 89' lang='lat' dir='ltr'><strong>apparet,</strong></span> <span class='ocrx_word' id='word_1_30' title='bbox 641 690 754 770; x_wconf 75' lang='lat' dir='ltr'><strong>priores</strong></span> <span class='ocrx_word' id='word_1_31' title='bbox 773 688 846 751; x_wconf 91' lang='lat' dir='ltr'><strong>dare</strong></span> <span class='ocrx_word' id='word_1_32' title='bbox 865 686 971 750; x_wconf 84' lang='lat' dir='ltr'><strong>voluit.</strong></span> <span class='ocrx_word' id='word_1_33' title='bbox 1012 690 1137 750; x_wconf 78' lang='lat' dir='ltr'><strong>Poterat</strong></span> <span class='ocrx_word' id='word_1_34' title='bbox 1156 690 1331 751; x_wconf 58' lang='lat' dir='ltr'><strong>interCon‘-</strong></span> 
     </span>
     <span class='ocr_line' id='line_1_6' title="bbox 251 768 1328 855; baseline 0 -19"><span class='ocrx_word' id='word_1_35' title='bbox 251 780 416 836; x_wconf 88' lang='lat' dir='ltr'><strong>stantiuum</strong></span> <span class='ocrx_word' id='word_1_36' title='bbox 436 786 466 834; x_wconf 89' lang='lat' dir='ltr'><strong>et</strong></span> <span class='ocrx_word' id='word_1_37' title='bbox 486 775 696 835; x_wconf 83' lang='lat' dir='ltr'><strong>Andronicum</strong></span> <span class='ocrx_word' id='word_1_38' title='bbox 716 772 822 833; x_wconf 81' lang='lat' dir='ltr'><strong>iratres</strong></span> <span class='ocrx_word' id='word_1_39' title='bbox 843 772 946 832; x_wconf 88' lang='lat' dir='ltr'><strong>eadem</strong></span> <span class='ocrx_word' id='word_1_40' title='bbox 967 768 1003 832; x_wconf 89' lang='lat' dir='ltr'><strong>lis</strong></span> <span class='ocrx_word' id='word_1_41' title='bbox 1023 771 1229 851; x_wconf 81' lang='lat' dir='ltr'><strong>intercedere,</strong></span> <span class='ocrx_word' id='word_1_42' title='bbox 1251 795 1328 855; x_wconf 88' lang='lat' dir='ltr'><strong>quae</strong></span> 
     </span>
     <span class='ocr_line' id='line_1_7' title="bbox 251 854 1328 937; baseline -0.001 -19"><span class='ocrx_word' id='word_1_43' title='bbox 251 862 331 919; x_wconf 90' lang='lat' dir='ltr'><strong>inter</strong></span> <span class='ocrx_word' id='word_1_44' title='bbox 351 859 543 920; x_wconf 89' lang='lat' dir='ltr'><strong>Artemenem</strong></span> <span class='ocrx_word' id='word_1_45' title='bbox 564 868 595 917; x_wconf 89' lang='lat' dir='ltr'><strong>et</strong></span> <span class='ocrx_word' id='word_1_46' title='bbox 613 857 752 930; x_wconf 83' lang='lat' dir='ltr'><strong>Xerxem,</strong></span> <span class='ocrx_word' id='word_1_47' title='bbox 764 855 859 928; x_wconf 89' lang='lat' dir='ltr'><strong>Darii,</strong></span> <span class='ocrx_word' id='word_1_48' title='bbox 881 854 1043 915; x_wconf 78' lang='lat' dir='ltr'><strong>Persarum</strong></span> <span class='ocrx_word' id='word_1_49' title='bbox 1061 857 1148 937; x_wconf 79' lang='lat' dir='ltr'><strong>regis,</strong></span> <span class='ocrx_word' id='word_1_50' title='bbox 1168 854 1256 931; x_wconf 85' lang='lat' dir='ltr'><strong>filios,</strong></span> <span class='ocrx_word' id='word_1_51' title='bbox 1279 858 1328 917; x_wconf 88' lang='lat' dir='ltr'><strong>in·</strong></span> 
     </span>
     <span class='ocr_line' id='line_1_8' title="bbox 252 938 1328 1020; baseline -0.002 -18"><span class='ocrx_word' id='word_1_52' title='bbox 252 944 397 1002; x_wconf 89' lang='lat' dir='ltr'><strong>tercessit.</strong></span> <span class='ocrx_word' id='word_1_53' title='bbox 438 938 614 1000; x_wconf 89' lang='lat' dir='ltr'><strong>Artemeues</strong></span> <span class='ocrx_word' id='word_1_54' title='bbox 634 938 794 1019; x_wconf 87' lang='lat' dir='ltr'><strong>siquidem,</strong></span> <span class='ocrx_word' id='word_1_55' title='bbox 807 946 843 998; x_wconf 88' lang='lat' dir='ltr'><strong>ut</strong></span> <span class='ocrx_word' id='word_1_56' title='bbox 864 947 937 997; x_wconf 86' lang='lat' dir='ltr'><strong>natu</strong></span> <span class='ocrx_word' id='word_1_57' title='bbox 953 938 1107 1015; x_wconf 87' lang='lat' dir='ltr'><strong>maximus,</strong></span> <span class='ocrx_word' id='word_1_58' title='bbox 1126 940 1231 998; x_wconf 85' lang='lat' dir='ltr'><strong>aetatis</strong></span> <span class='ocrx_word' id='word_1_59' title='bbox 1243 959 1328 1020; x_wconf 84' lang='lat' dir='ltr'><strong>prae·</strong></span> 
     </span>
     <span class='ocr_line' id='line_1_9' title="bbox 253 1018 1326 1105; baseline -0.002 -21"><span class='ocrx_word' id='word_1_60' title='bbox 253 1025 389 1105; x_wconf 79' lang='lat' dir='ltr'><strong>rogativa</strong></span> <span class='ocrx_word' id='word_1_61' title='bbox 411 1021 568 1102; x_wconf 88' lang='lat' dir='ltr'><strong>imperinm</strong></span> <span class='ocrx_word' id='word_1_62' title='bbox 591 1023 630 1082; x_wconf 88' lang='lat' dir='ltr'><strong>ad</strong></span> <span class='ocrx_word' id='word_1_63' title='bbox 650 1042 682 1082; x_wconf 89' lang='lat' dir='ltr'><strong>se</strong></span> <span class='ocrx_word' id='word_1_64' title='bbox 701 1019 850 1095; x_wconf 84' lang='lat' dir='ltr'><strong>trahebat,</strong></span> <span class='ocrx_word' id='word_1_65' title='bbox 873 1018 955 1101; x_wconf 87' lang='lat' dir='ltr'><strong>quod</strong></span> <span class='ocrx_word' id='word_1_66' title='bbox 974 1021 1021 1079; x_wconf 91' lang='lat' dir='ltr'><strong>ius</strong></span> <span class='ocrx_word' id='word_1_67' title='bbox 1040 1030 1071 1080; x_wconf 91' lang='lat' dir='ltr'><strong>et</strong></span> <span class='ocrx_word' id='word_1_68' title='bbox 1090 1020 1166 1080; x_wconf 89' lang='lat' dir='ltr'><strong>ordo</strong></span> <span class='ocrx_word' id='word_1_69' title='bbox 1185 1021 1326 1083; x_wconf 86' lang='lat' dir='ltr'><strong>nascendi</strong></span> 
     </span>
     <span class='ocr_line' id='line_1_10' title="bbox 255 1103 1328 1187; baseline -0.002 -20"><span class='ocrx_word' id='word_1_70' title='bbox 255 1117 286 1167; x_wconf 90' lang='lat' dir='ltr'><strong>et</strong></span> <span class='ocrx_word' id='word_1_71' title='bbox 306 1117 413 1167; x_wconf 88' lang='lat' dir='ltr'><strong>natura</strong></span> <span class='ocrx_word' id='word_1_72' title='bbox 433 1106 497 1186; x_wconf 84' lang='lat' dir='ltr'><strong>ipsa</strong></span> <span class='ocrx_word' id='word_1_73' title='bbox 517 1106 657 1187; x_wconf 77' lang='lat' dir='ltr'><strong>gentibus</strong></span> <span class='ocrx_word' id='word_1_74' title='bbox 677 1103 770 1167; x_wconf 88' lang='lat' dir='ltr'><strong>dedit.</strong></span> <span class='ocrx_word' id='word_1_75' title='bbox 810 1103 926 1163; x_wconf 64' lang='lat' dir='ltr'><strong>Xerses</strong></span> <span class='ocrx_word' id='word_1_76' title='bbox 949 1104 1183 1164; x_wconf 85' lang='lat' dir='ltr'><strong>contmversinm</strong></span> <span class='ocrx_word' id='word_1_77' title='bbox 1202 1123 1264 1163; x_wconf 91' lang='lat' dir='ltr'><strong>non</strong></span> <span class='ocrx_word' id='word_1_78' title='bbox 1290 1104 1328 1165; x_wconf 89' lang='lat' dir='ltr'><strong>de</strong></span> 
     </span>
     <span class='ocr_line' id='line_1_11' title="bbox 253 1183 1328 1267; baseline -0.001 -19"><span class='ocrx_word' id='word_1_79' title='bbox 253 1188 378 1267; x_wconf 83' lang='lat' dir='ltr'><strong>ordine,</strong></span> <span class='ocrx_word' id='word_1_80' title='bbox 401 1188 453 1248; x_wconf 91' lang='lat' dir='ltr'><strong>sed</strong></span> <span class='ocrx_word' id='word_1_81' title='bbox 473 1187 511 1248; x_wconf 89' lang='lat' dir='ltr'><strong>de</strong></span> <span class='ocrx_word' id='word_1_82' title='bbox 532 1186 672 1248; x_wconf 88' lang='lat' dir='ltr'><strong>nascendi</strong></span> <span class='ocrx_word' id='word_1_83' title='bbox 703 1183 844 1246; x_wconf 85' lang='lat' dir='ltr'><strong>felicitate</strong></span> <span class='ocrx_word' id='word_1_84' title='bbox 872 1183 1029 1245; x_wconf 81' lang='lat' dir='ltr'><strong>referebat.</strong></span> <span class='ocrx_word' id='word_1_85' title='bbox 1069 1185 1208 1267; x_wconf 88' lang='lat' dir='ltr'><strong>Namque</strong></span> <span class='ocrx_word' id='word_1_86' title='bbox 1239 1187 1328 1247; x_wconf 85' lang='lat' dir='ltr'><strong>Arte·</strong></span> 
     </span>
     <span class='ocr_line' id='line_1_12' title="bbox 253 1266 1329 1352; baseline -0.003 -21"><span class='ocrx_word' id='word_1_87' title='bbox 253 1292 374 1332; x_wconf 82' lang='lat' dir='ltr'><strong>merem</strong></span> <span class='ocrx_word' id='word_1_88' title='bbox 395 1273 526 1351; x_wconf 87' lang='lat' dir='ltr'><strong>primum</strong></span> <span class='ocrx_word' id='word_1_89' title='bbox 546 1270 668 1351; x_wconf 89' lang='lat' dir='ltr'><strong>quidem</strong></span> <span class='ocrx_word' id='word_1_90' title='bbox 682 1269 795 1342; x_wconf 82' lang='lat' dir='ltr'><strong>Dario,</strong></span> <span class='ocrx_word' id='word_1_91' title='bbox 815 1266 867 1328; x_wconf 84' lang='lat' dir='ltr'><strong>sed</strong></span> <span class='ocrx_word' id='word_1_92' title='bbox 884 1267 1001 1348; x_wconf 86' lang='lat' dir='ltr'><strong>privato</strong></span> <span class='ocrx_word' id='word_1_93' title='bbox 1016 1270 1199 1348; x_wconf 84' lang='lat' dir='ltr'><strong>provenisse,</strong></span> <span class='ocrx_word' id='word_1_94' title='bbox 1220 1289 1252 1329; x_wconf 91' lang='lat' dir='ltr'><strong>se</strong></span> <span class='ocrx_word' id='word_1_95' title='bbox 1265 1269 1329 1352; x_wconf 77' lang='lat' dir='ltr'><strong>regi</strong></span> 
     </span>
    </p>

    <p class='ocr_par' dir='ltr' id='par_1_3' title="bbox 254 1347 1329 1664">
     <span class='ocr_line' id='line_1_13' title="bbox 276 1347 1329 1427; baseline 0 -15"><span class='ocrx_word' id='word_1_96' title='bbox 276 1355 387 1412; x_wconf 89' lang='lat' dir='ltr'><strong>rimum</strong></span> <span class='ocrx_word' id='word_1_97' title='bbox 408 1358 518 1412; x_wconf 83' lang='lat' dir='ltr'><strong>natum</strong></span> <span class='ocrx_word' id='word_1_98' title='bbox 531 1364 588 1413; x_wconf 86' lang='lat' dir='ltr'><strong>etc.</strong></span> <span class='ocrx_word' id='word_1_99' title='bbox 629 1351 762 1411; x_wconf 89' lang='lat' dir='ltr'><strong>lustinus</strong></span> <span class='ocrx_word' id='word_1_100' title='bbox 780 1347 837 1410; x_wconf 90' lang='lat' dir='ltr'><strong>lib.</strong></span> <span class='ocrx_word' id='word_1_101' title='bbox 860 1369 908 1427; x_wconf 79' lang='lat' dir='ltr'><strong>a.;</strong></span> <span class='ocrx_word' id='word_1_102' title='bbox 929 1348 966 1408; x_wconf 91' lang='lat' dir='ltr'><strong>de</strong></span> <span class='ocrx_word' id='word_1_103' title='bbox 985 1350 1158 1411; x_wconf 88' lang='lat' dir='ltr'><strong>eorumdem</strong></span> <span class='ocrx_word' id='word_1_104' title='bbox 1180 1371 1329 1413; x_wconf 83' lang='lat' dir='ltr'><strong>memore·</strong></span> 
     </span>
     <span class='ocr_line' id='line_1_14' title="bbox 254 1376 1329 1516; baseline 0 -20"><span class='ocrx_word' id='word_1_105' title='bbox 254 1376 310 1496; x_wconf 73' lang='lat' dir='ltr'><strong>lili</strong></span> <span class='ocrx_word' id='word_1_106' title='bbox 330 1434 489 1495; x_wconf 85' lang='lat' dir='ltr'><strong>concordia</strong></span> <span class='ocrx_word' id='word_1_107' title='bbox 516 1437 549 1494; x_wconf 94' lang='lat' dir='ltr'><strong>in</strong></span> <span class='ocrx_word' id='word_1_108' title='bbox 570 1433 713 1516; x_wconf 89' lang='lat' dir='ltr'><strong>petitione</strong></span> <span class='ocrx_word' id='word_1_109' title='bbox 740 1435 825 1514; x_wconf 80' lang='lat' dir='ltr'><strong>regni</strong></span> <span class='ocrx_word' id='word_1_110' title='bbox 843 1430 1025 1493; x_wconf 71' lang='lat' dir='ltr'><strong>Plutarchus</strong></span> <span class='ocrx_word' id='word_1_111' title='bbox 1055 1429 1134 1494; x_wconf 82' lang='lat' dir='ltr'><strong>libro</strong></span> <span class='ocrx_word' id='word_1_112' title='bbox 1162 1432 1200 1494; x_wconf 89' lang='lat' dir='ltr'><strong>de</strong></span> <span class='ocrx_word' id='word_1_113' title='bbox 1223 1454 1329 1496; x_wconf 89' lang='lat' dir='ltr'><strong>amore</strong></span> 
     </span>
     <span class='ocr_line' id='line_1_15' title="bbox 255 1515 1327 1601; baseline 0.004 -24"><span class='ocrx_word' id='word_1_114' title='bbox 255 1518 406 1594; x_wconf 80' lang='lat' dir='ltr'><strong>fraterno,</strong></span> <span class='ocrx_word' id='word_1_115' title='bbox 427 1518 501 1595; x_wconf 91' lang='lat' dir='ltr'><strong>ubi,</strong></span> <span class='ocrx_word' id='word_1_116' title='bbox 524 1538 616 1601; x_wconf 90' lang='lat' dir='ltr'><strong>quem</strong></span> <span class='ocrx_word' id='word_1_117' title='bbox 638 1516 771 1576; x_wconf 88' lang='lat' dir='ltr'><strong>lustinus</strong></span> <span class='ocrx_word' id='word_1_118' title='bbox 800 1515 1013 1590; x_wconf 79' lang='lat' dir='ltr'><strong>Artemonem,</strong></span> <span class='ocrx_word' id='word_1_119' title='bbox 1048 1515 1112 1598; x_wconf 86' lang='lat' dir='ltr'><strong>ipse</strong></span> <span class='ocrx_word' id='word_1_120' title='bbox 1135 1515 1327 1581; x_wconf 75' lang='lat' dir='ltr'><strong>Ariamenen</strong></span> 
     </span>
     <span class='ocr_line' id='line_1_16' title="bbox 255 1611 522 1664; baseline -0.004 -2"><span class='ocrx_word' id='word_1_121' title='bbox 255 1611 354 1664; x_wconf 84' lang='lat' dir='ltr'><strong>vocat.</strong></span> <span class='ocrx_word' id='word_1_122' title='bbox 394 1620 522 1662; x_wconf 74' lang='lat' dir='ltr'><strong>norrun.</strong></span> 
     </span>
    </p>

    <p class='ocr_par' dir='ltr' id='par_1_4' title="bbox 339 1677 1070 1763">
     <span class='ocr_line' id='line_1_17' title="bbox 339 1677 1070 1763; baseline -0.003 -19"><span class='ocrx_word' id='word_1_123' title='bbox 339 1683 416 1763; x_wconf 69' lang='lat' dir='ltr'><strong>Peg.</strong></span> <span class='ocrx_word' id='word_1_124' title='bbox 437 1703 485 1761; x_wconf 88' lang='lat' dir='ltr'><strong>rr,</strong></span> <span class='ocrx_word' id='word_1_125' title='bbox 510 1703 556 1749; x_wconf 81' lang='lat' dir='ltr'><strong>ra.</strong></span> <span class='ocrx_word' id='word_1_126' title='bbox 597 1677 653 1744; x_wconf 79' lang='grc' dir='ltr'><strong><em>καί</em></strong></span> <span class='ocrx_word' id='word_1_127' title='bbox 671 1692 741 1743; x_wconf 87' lang='lat' dir='ltr'><strong>ante</strong></span> <span class='ocrx_word' id='word_1_128' title='bbox 760 1680 917 1743; x_wconf 73' lang='grc' dir='ltr'><strong><em>Εὕδσκίαα</em></strong></span> <span class='ocrx_word' id='word_1_129' title='bbox 940 1700 1001 1744; x_wconf 89' lang='lat' dir='ltr'><strong>om.</strong></span> <span class='ocrx_word' id='word_1_130' title='bbox 1025 1682 1070 1742; x_wconf 90' lang='lat' dir='ltr'><strong>M.</strong></span> 
     </span>
    </p>

    <p class='ocr_par' dir='ltr' id='par_1_5' title="bbox 256 1759 1338 3415">
     <span class='ocr_line' id='line_1_18' title="bbox 341 1759 1329 1846; baseline 0.004 -22"><span class='ocrx_word' id='word_1_131' title='bbox 341 1765 416 1846; x_wconf 74' lang='lat' dir='ltr'><strong>Peg.</strong></span> <span class='ocrx_word' id='word_1_132' title='bbox 440 1764 556 1843; x_wconf 82' lang='lat' dir='ltr'><strong>rr,15.</strong></span> <span class='ocrx_word' id='word_1_133' title='bbox 596 1766 653 1845; x_wconf 78' lang='grc' dir='ltr'><strong>τῆς</strong></span> <span class='ocrx_word' id='word_1_134' title='bbox 675 1763 831 1842; x_wconf 73' lang='grc' dir='ltr'><strong><em>Οὕγγρίας</em></strong></span> <span class='ocrx_word' id='word_1_135' title='bbox 853 1759 957 1844; x_wconf 76' lang='grc' dir='ltr'><strong><em>ῥηγός.</em></strong></span> <span class='ocrx_word' id='word_1_136' title='bbox 980 1764 1148 1838; x_wconf 79' lang='lat' dir='ltr'><strong>·0bservo‚</strong></span> <span class='ocrx_word' id='word_1_137' title='bbox 1173 1759 1329 1846; x_wconf 66' lang='lat' dir='ltr'><strong>otyyptav</strong></span> 
     </span>
     <span class='ocr_line' id='line_1_19' title="bbox 256 1847 1330 1928; baseline 0.002 -19"><span class='ocrx_word' id='word_1_138' title='bbox 256 1847 413 1909; x_wconf 84' lang='lat' dir='ltr'><strong>transferri</strong></span> <span class='ocrx_word' id='word_1_139' title='bbox 433 1847 632 1928; x_wconf 80' lang='lat' dir='ltr'><strong>Hurrgars&#39;om,</strong></span> <span class='ocrx_word' id='word_1_140' title='bbox 654 1849 771 1908; x_wconf 87' lang='lat' dir='ltr'><strong>tametsi</strong></span> <span class='ocrx_word' id='word_1_141' title='bbox 793 1848 915 1928; x_wconf 90' lang='lat' dir='ltr'><strong>spiritus</strong></span> <span class='ocrx_word' id='word_1_142' title='bbox 935 1867 998 1907; x_wconf 90' lang='lat' dir='ltr'><strong>non</strong></span> <span class='ocrx_word' id='word_1_143' title='bbox 1018 1849 1187 1922; x_wconf 83' lang='lat' dir='ltr'><strong>consentit,</strong></span> <span class='ocrx_word' id='word_1_144' title='bbox 1212 1868 1281 1909; x_wconf 88' lang='lat' dir='ltr'><strong>cum</strong></span> <span class='ocrx_word' id='word_1_145' title='bbox 1292 1851 1330 1911; x_wconf 85' lang='lat' dir='ltr'><strong>sit</strong></span> 
     </span>
     <span class='ocr_line' id='line_1_20' title="bbox 258 1928 1328 2011; baseline 0.003 -21"><span class='ocrx_word' id='word_1_146' title='bbox 258 1933 291 1990; x_wconf 93' lang='lat' dir='ltr'><strong>in</strong></span> <span class='ocrx_word' id='word_1_147' title='bbox 324 1931 438 1991; x_wconf 86' lang='lat' dir='ltr'><strong>Graeca</strong></span> <span class='ocrx_word' id='word_1_148' title='bbox 472 1952 545 1991; x_wconf 85' lang='lat' dir='ltr'><strong>voce</strong></span> <span class='ocrx_word' id='word_1_149' title='bbox 573 1930 678 1991; x_wconf 86' lang='lat' dir='ltr'><strong>lenis:</strong></span> <span class='ocrx_word' id='word_1_150' title='bbox 715 1938 746 1990; x_wconf 88' lang='lat' dir='ltr'><strong>et</strong></span> <span class='ocrx_word' id='word_1_151' title='bbox 781 1930 882 2011; x_wconf 81' lang='lat' dir='ltr'><strong>Ungri</strong></span> <span class='ocrx_word' id='word_1_152' title='bbox 915 1928 1044 2011; x_wconf 88' lang='lat' dir='ltr'><strong>populus</strong></span> <span class='ocrx_word' id='word_1_153' title='bbox 1073 1934 1266 1994; x_wconf 89' lang='lat' dir='ltr'><strong>nominantur</strong></span> <span class='ocrx_word' id='word_1_154' title='bbox 1290 1932 1328 1993; x_wconf 86' lang='lat' dir='ltr'><strong>ad</strong></span> 
     </span>
     <span class='ocr_line' id='line_1_21' title="bbox 259 2011 1330 2091; baseline 0.003 -19"><span class='ocrx_word' id='word_1_155' title='bbox 259 2014 384 2077; x_wconf 82' lang='lat' dir='ltr'><strong>latrum.</strong></span> <span class='ocrx_word' id='word_1_156' title='bbox 425 2012 485 2073; x_wconf 87' lang='lat' dir='ltr'><strong>Sed</strong></span> <span class='ocrx_word' id='word_1_157' title='bbox 505 2024 694 2073; x_wconf 89' lang='lat' dir='ltr'><strong>tamencum</strong></span> <span class='ocrx_word' id='word_1_158' title='bbox 716 2014 806 2072; x_wconf 88' lang='lat' dir='ltr'><strong>etiam</strong></span> <span class='ocrx_word' id='word_1_159' title='bbox 826 2032 845 2071; x_wconf 91' lang='lat' dir='ltr'><strong>e</strong></span> <span class='ocrx_word' id='word_1_160' title='bbox 865 2011 1039 2088; x_wconf 88' lang='lat' dir='ltr'><strong>Germania,</strong></span> <span class='ocrx_word' id='word_1_161' title='bbox 1060 2014 1220 2091; x_wconf 85' lang='lat' dir='ltr'><strong>Sabaudia,</strong></span> <span class='ocrx_word' id='word_1_162' title='bbox 1245 2014 1330 2077; x_wconf 82' lang='lat' dir='ltr'><strong>ltalia</strong></span> 
     </span>
     <span class='ocr_line' id='line_1_22' title="bbox 258 2094 1329 2177; baseline 0.003 -21"><span class='ocrx_word' id='word_1_163' title='bbox 258 2095 415 2176; x_wconf 83' lang='lat' dir='ltr'><strong>Byzantini</strong></span> <span class='ocrx_word' id='word_1_164' title='bbox 437 2097 630 2177; x_wconf 86' lang='lat' dir='ltr'><strong>imperatores</strong></span> <span class='ocrx_word' id='word_1_165' title='bbox 652 2094 709 2154; x_wconf 86' lang='lat' dir='ltr'><strong>sibi</strong></span> <span class='ocrx_word' id='word_1_166' title='bbox 738 2096 879 2177; x_wconf 79' lang='lat' dir='ltr'><strong>coniuges</strong></span> <span class='ocrx_word' id='word_1_167' title='bbox 900 2095 1103 2169; x_wconf 82' lang='lat' dir='ltr'><strong>adsciverint,</strong></span> <span class='ocrx_word' id='word_1_168' title='bbox 1127 2118 1183 2158; x_wconf 89' lang='lat' dir='ltr'><strong>cur</strong></span> <span class='ocrx_word' id='word_1_169' title='bbox 1208 2117 1271 2157; x_wconf 89' lang='lat' dir='ltr'><strong>non</strong></span> <span class='ocrx_word' id='word_1_170' title='bbox 1295 2118 1329 2159; x_wconf 85' lang='lat' dir='ltr'><strong>ex</strong></span> 
     </span>
     <span class='ocr_line' id='line_1_23' title="bbox 258 2175 1332 2262; baseline 0.004 -25"><span class='ocrx_word' id='word_1_171' title='bbox 258 2180 360 2238; x_wconf 85' lang='lat' dir='ltr'><strong>vicina</strong></span> <span class='ocrx_word' id='word_1_172' title='bbox 387 2178 566 2259; x_wconf 74' lang='lat' dir='ltr'><strong>Huogariat</strong></span> <span class='ocrx_word' id='word_1_173' title='bbox 594 2178 702 2238; x_wconf 85' lang='lat' dir='ltr'><strong>Graeci</strong></span> <span class='ocrx_word' id='word_1_174' title='bbox 724 2196 815 2258; x_wconf 91' lang='lat' dir='ltr'><strong>porro</strong></span> <span class='ocrx_word' id='word_1_175' title='bbox 840 2175 1018 2258; x_wconf 87' lang='lat' dir='ltr'><strong>posteriores</strong></span> <span class='ocrx_word' id='word_1_176' title='bbox 1045 2178 1175 2260; x_wconf 88' lang='lat' dir='ltr'><strong>plurima</strong></span> <span class='ocrx_word' id='word_1_177' title='bbox 1201 2179 1332 2262; x_wconf 73' lang='lat' dir='ltr'><strong>dignita-</strong></span> 
     </span>
     <span class='ocr_line' id='line_1_24' title="bbox 258 2260 1331 2345; baseline 0.004 -26"><span class='ocrx_word' id='word_1_178' title='bbox 258 2269 346 2339; x_wconf 81' lang='lat' dir='ltr'><strong>tupr,</strong></span> <span class='ocrx_word' id='word_1_179' title='bbox 368 2263 597 2341; x_wconf 80' lang='lat' dir='ltr'><strong>magistratuum</strong></span> <span class='ocrx_word' id='word_1_180' title='bbox 620 2280 655 2321; x_wconf 86' lang='lat' dir='ltr'><strong>ae</strong></span> <span class='ocrx_word' id='word_1_181' title='bbox 675 2270 856 2341; x_wconf 89' lang='lat' dir='ltr'><strong>potestatum</strong></span> <span class='ocrx_word' id='word_1_182' title='bbox 867 2260 1022 2321; x_wconf 80' lang='lat' dir='ltr'><strong>&#39;vocabula</strong></span> <span class='ocrx_word' id='word_1_183' title='bbox 1044 2273 1097 2322; x_wconf 89' lang='lat' dir='ltr'><strong>aut</strong></span> <span class='ocrx_word' id='word_1_184' title='bbox 1120 2264 1227 2323; x_wconf 87' lang='lat' dir='ltr'><strong>Latina</strong></span> <span class='ocrx_word' id='word_1_185' title='bbox 1244 2283 1331 2345; x_wconf 87' lang='lat' dir='ltr'><strong>pror-</strong></span> 
     </span>
     <span class='ocr_line' id='line_1_25' title="bbox 259 2341 1334 2426; baseline 0.002 -23"><span class='ocrx_word' id='word_1_186' title='bbox 259 2364 322 2415; x_wconf 89' lang='lat' dir='ltr'><strong>sus,</strong></span> <span class='ocrx_word' id='word_1_187' title='bbox 345 2353 399 2402; x_wconf 90' lang='lat' dir='ltr'><strong>aut</strong></span> <span class='ocrx_word' id='word_1_188' title='bbox 415 2344 628 2426; x_wconf 76' lang='lat' dir='ltr'><strong>Latinograeea</strong></span> <span class='ocrx_word' id='word_1_189' title='bbox 650 2363 703 2403; x_wconf 88' lang='lat' dir='ltr'><strong>seu</strong></span> <span class='ocrx_word' id='word_1_190' title='bbox 719 2342 758 2402; x_wconf 87' lang='lat' dir='ltr'><strong>ad</strong></span> <span class='ocrx_word' id='word_1_191' title='bbox 770 2345 898 2403; x_wconf 79' lang='lat' dir='ltr'><strong>Graecas</strong></span> <span class='ocrx_word' id='word_1_192' title='bbox 913 2341 1051 2404; x_wconf 86' lang='lat' dir='ltr'><strong>llexioncs</strong></span> <span class='ocrx_word' id='word_1_193' title='bbox 1069 2345 1185 2406; x_wconf 87' lang='lat' dir='ltr'><strong>detorta</strong></span> <span class='ocrx_word' id='word_1_194' title='bbox 1202 2356 1231 2405; x_wconf 84' lang='lat' dir='ltr'><strong>et</strong></span> <span class='ocrx_word' id='word_1_195' title='bbox 1255 2364 1334 2406; x_wconf 88' lang='lat' dir='ltr'><strong>uon·</strong></span> 
     </span>
     <span class='ocr_line' id='line_1_26' title="bbox 256 2418 1333 2503; baseline 0.003 -18"><span class='ocrx_word' id='word_1_196' title='bbox 256 2425 336 2485; x_wconf 89' lang='lat' dir='ltr'><strong>nihil</strong></span> <span class='ocrx_word' id='word_1_197' title='bbox 354 2426 511 2486; x_wconf 87' lang='lat' dir='ltr'><strong>immutata</strong></span> <span class='ocrx_word' id='word_1_198' title='bbox 534 2446 595 2485; x_wconf 88' lang='lat' dir='ltr'><strong>seu.</strong></span> <span class='ocrx_word' id='word_1_199' title='bbox 606 2418 928 2503; x_wconf 76' lang='grc' dir='ltr'><strong><em>Ἓλληνικσβάρβαρα,</em></strong></span> <span class='ocrx_word' id='word_1_200' title='bbox 946 2446 981 2485; x_wconf 88' lang='lat' dir='ltr'><strong>cx</strong></span> <span class='ocrx_word' id='word_1_201' title='bbox 1003 2428 1188 2488; x_wconf 88' lang='lat' dir='ltr'><strong>commerciis</strong></span> <span class='ocrx_word' id='word_1_202' title='bbox 1209 2426 1333 2488; x_wconf 84' lang='lat' dir='ltr'><strong>forsitan</strong></span> 
     </span>
     <span class='ocr_line' id='line_1_27' title="bbox 260 2507 1335 2592; baseline 0.006 -27"><span class='ocrx_word' id='word_1_203' title='bbox 260 2517 291 2566; x_wconf 88' lang='lat' dir='ltr'><strong>et</strong></span> <span class='ocrx_word' id='word_1_204' title='bbox 315 2508 530 2568; x_wconf 88' lang='lat' dir='ltr'><strong>consuetudine</strong></span> <span class='ocrx_word' id='word_1_205' title='bbox 548 2528 619 2568; x_wconf 90' lang='lat' dir='ltr'><strong>cum</strong></span> <span class='ocrx_word' id='word_1_206' title='bbox 636 2507 760 2583; x_wconf 83' lang='lat' dir='ltr'><strong>Latinis,</strong></span> <span class='ocrx_word' id='word_1_207' title='bbox 785 2507 996 2574; x_wconf 82' lang='lat' dir='ltr'><strong>adhibuerunt.</strong></span> <span class='ocrx_word' id='word_1_208' title='bbox 1037 2508 1115 2570; x_wconf 90' lang='lat' dir='ltr'><strong>Cum</strong></span> <span class='ocrx_word' id='word_1_209' title='bbox 1139 2513 1231 2592; x_wconf 82' lang='lat' dir='ltr'><strong>igitur</strong></span> <span class='ocrx_word' id='word_1_210' title='bbox 1253 2510 1335 2571; x_wconf 90' lang='lat' dir='ltr'><strong>Cou-</strong></span> 
     </span>
     <span class='ocr_line' id='line_1_28' title="bbox 260 2585 1336 2675; baseline 0.003 -25"><span class='ocrx_word' id='word_1_211' title='bbox 260 2589 560 2669; x_wconf 85' lang='lat' dir='ltr'><strong>stantinopolitanum</strong></span> <span class='ocrx_word' id='word_1_212' title='bbox 585 2610 700 2670; x_wconf 90' lang='lat' dir='ltr'><strong>semper</strong></span> <span class='ocrx_word' id='word_1_213' title='bbox 724 2585 857 2664; x_wconf 79' lang='grc' dir='ltr'><strong><em>βασιλέα</em></strong></span> <span class='ocrx_word' id='word_1_214' title='bbox 876 2593 1026 2668; x_wconf 90' lang='lat' dir='ltr'><strong>nominet,</strong></span> <span class='ocrx_word' id='word_1_215' title='bbox 1046 2613 1132 2675; x_wconf 78' lang='lat' dir='ltr'><strong>reges</strong></span> <span class='ocrx_word' id='word_1_216' title='bbox 1153 2604 1252 2653; x_wconf 89' lang='lat' dir='ltr'><strong>autern</strong></span> <span class='ocrx_word' id='word_1_217' title='bbox 1278 2586 1336 2675; x_wconf 71' lang='grc' dir='ltr'><strong>ῥῆ-</strong></span> 
     </span>
     <span class='ocr_line' id='line_1_29' title="bbox 259 2673 1335 2757; baseline 0.003 -25"><span class='ocrx_word' id='word_1_218' title='bbox 259 2690 318 2750; x_wconf 71' lang='lat' dir='ltr'><strong>yur</strong></span> <span class='ocrx_word' id='word_1_219' title='bbox 341 2673 473 2753; x_wconf 81' lang='lat' dir='ltr'><strong>(excepto</strong></span> <span class='ocrx_word' id='word_1_220' title='bbox 491 2676 665 2734; x_wconf 88' lang='lat' dir='ltr'><strong>Moesorum</strong></span> <span class='ocrx_word' id='word_1_221' title='bbox 684 2691 774 2752; x_wconf 81' lang='lat' dir='ltr'><strong>rege,</strong></span> <span class='ocrx_word' id='word_1_222' title='bbox 795 2692 905 2753; x_wconf 90' lang='lat' dir='ltr'><strong>quem,</strong></span> <span class='ocrx_word' id='word_1_223' title='bbox 925 2673 950 2732; x_wconf 90' lang='lat' dir='ltr'><strong>si</strong></span> <span class='ocrx_word' id='word_1_224' title='bbox 972 2675 1117 2752; x_wconf 88' lang='lat' dir='ltr'><strong>memini,</strong></span> <span class='ocrx_word' id='word_1_225' title='bbox 1142 2697 1238 2757; x_wconf 89' lang='lat' dir='ltr'><strong>paene</strong></span> <span class='ocrx_word' id='word_1_226' title='bbox 1256 2695 1335 2735; x_wconf 89' lang='lat' dir='ltr'><strong>nun·</strong></span> 
     </span>
     <span class='ocr_line' id='line_1_30' title="bbox 258 2753 1334 2838; baseline 0.005 -25"><span class='ocrx_word' id='word_1_227' title='bbox 258 2772 354 2836; x_wconf 85' lang='lat' dir='ltr'><strong>quam</strong></span> <span class='ocrx_word' id='word_1_228' title='bbox 380 2775 443 2814; x_wconf 93' lang='lat' dir='ltr'><strong>non</strong></span> <span class='ocrx_word' id='word_1_229' title='bbox 467 2756 526 2815; x_wconf 82' lang='grc' dir='ltr'><strong>τοῦ</strong></span> <span class='ocrx_word' id='word_1_230' title='bbox 545 2753 697 2832; x_wconf 80' lang='grc' dir='ltr'><strong><em>βασιλέως</em></strong></span> <span class='ocrx_word' id='word_1_231' title='bbox 716 2756 838 2815; x_wconf 86' lang='lat' dir='ltr'><strong>nomine</strong></span> <span class='ocrx_word' id='word_1_232' title='bbox 860 2755 1013 2836; x_wconf 65' lang='lat' dir='ltr'><strong>dignatum</strong></span> <span class='ocrx_word' id='word_1_233' title='bbox 1035 2779 1127 2838; x_wconf 88' lang='lat' dir='ltr'><strong>quam</strong></span> <span class='ocrx_word' id='word_1_234' title='bbox 1140 2757 1182 2819; x_wconf 94' lang='lat' dir='ltr'><strong>ob</strong></span> <span class='ocrx_word' id='word_1_235' title='bbox 1201 2778 1334 2834; x_wconf 84' lang='lat' dir='ltr'><strong>eausam,</strong></span> 
     </span>
     <span class='ocr_line' id='line_1_31' title="bbox 259 2833 1336 2923; baseline 0.004 -26"><span class='ocrx_word' id='word_1_236' title='bbox 259 2857 322 2897; x_wconf 90' lang='lat' dir='ltr'><strong>non</strong></span> <span class='ocrx_word' id='word_1_237' title='bbox 347 2837 508 2918; x_wconf 79' lang='lat' dir='ltr'><strong>dispici03)</strong></span> <span class='ocrx_word' id='word_1_238' title='bbox 530 2838 649 2898; x_wconf 88' lang='lat' dir='ltr'><strong>videtur</strong></span> <span class='ocrx_word' id='word_1_239' title='bbox 669 2834 817 2898; x_wconf 87' lang='lat' dir='ltr'><strong>vocabulo</strong></span> <span class='ocrx_word' id='word_1_240' title='bbox 831 2833 979 2916; x_wconf 72' lang='grc' dir='ltr'><strong><em>βασιλεῦς</em></strong></span> <span class='ocrx_word' id='word_1_241' title='bbox 999 2841 1142 2921; x_wconf 85' lang='lat' dir='ltr'><strong>quiddam</strong></span> <span class='ocrx_word' id='word_1_242' title='bbox 1164 2840 1291 2923; x_wconf 85' lang='lat' dir='ltr'><strong>amplius</strong></span> <span class='ocrx_word' id='word_1_243' title='bbox 1305 2850 1336 2902; x_wconf 86' lang='lat' dir='ltr'><strong>et</strong></span> 
     </span>
     <span class='ocr_line' id='line_1_32' title="bbox 259 2919 1335 3006; baseline 0.005 -25"><span class='ocrx_word' id='word_1_244' title='bbox 259 2921 357 2981; x_wconf 87' lang='lat' dir='ltr'><strong>maius</strong></span> <span class='ocrx_word' id='word_1_245' title='bbox 380 2921 547 3003; x_wconf 81' lang='lat' dir='ltr'><strong>significare</strong></span> <span class='ocrx_word' id='word_1_246' title='bbox 567 2919 706 2993; x_wconf 86' lang='lat' dir='ltr'><strong>voluisse,</strong></span> <span class='ocrx_word' id='word_1_247' title='bbox 728 2940 820 3000; x_wconf 88' lang='lat' dir='ltr'><strong>quam</strong></span> <span class='ocrx_word' id='word_1_248' title='bbox 839 2938 894 2980; x_wconf 89' lang='lat' dir='ltr'><strong>uos</strong></span> <span class='ocrx_word' id='word_1_249' title='bbox 913 2940 987 2982; x_wconf 84' lang='lat' dir='ltr'><strong>voce</strong></span> <span class='ocrx_word' id='word_1_250' title='bbox 1005 2940 1063 2984; x_wconf 74' lang='lat' dir='ltr'><strong>rex</strong></span> <span class='ocrx_word' id='word_1_251' title='bbox 1081 2924 1247 3006; x_wconf 82' lang='lat' dir='ltr'><strong>significare</strong></span> <span class='ocrx_word' id='word_1_252' title='bbox 1262 2943 1335 2985; x_wconf 86' lang='lat' dir='ltr'><strong>cou-</strong></span> 
     </span>
     <span class='ocr_line' id='line_1_33' title="bbox 261 3003 1337 3085; baseline 0.005 -22"><span class='ocrx_word' id='word_1_253' title='bbox 261 3005 422 3066; x_wconf 86' lang='lat' dir='ltr'><strong>suevimus.</strong></span> <span class='ocrx_word' id='word_1_254' title='bbox 464 3004 505 3063; x_wconf 89' lang='lat' dir='ltr'><strong>Et</strong></span> <span class='ocrx_word' id='word_1_255' title='bbox 526 3023 710 3084; x_wconf 85' lang='lat' dir='ltr'><strong>quamquam</strong></span> <span class='ocrx_word' id='word_1_256' title='bbox 731 3003 839 3063; x_wconf 85' lang='lat' dir='ltr'><strong>Graeci</strong></span> <span class='ocrx_word' id='word_1_257' title='bbox 862 3023 961 3085; x_wconf 80' lang='lat' dir='ltr'><strong>regem</strong></span> <span class='ocrx_word' id='word_1_258' title='bbox 980 3004 1112 3082; x_wconf 78' lang='grc' dir='ltr'><strong><em>βασιλέα</em></strong></span> <span class='ocrx_word' id='word_1_259' title='bbox 1132 3006 1259 3080; x_wconf 85' lang='lat' dir='ltr'><strong>dicunt,</strong></span> <span class='ocrx_word' id='word_1_260' title='bbox 1287 3009 1337 3067; x_wconf 85' lang='lat' dir='ltr'><strong>ni·</strong></span> 
     </span>
     <span class='ocr_line' id='line_1_34' title="bbox 260 3082 1338 3166; baseline 0.006 -21"><span class='ocrx_word' id='word_1_261' title='bbox 260 3083 326 3145; x_wconf 88' lang='lat' dir='ltr'><strong>hilo</strong></span> <span class='ocrx_word' id='word_1_262' title='bbox 347 3087 447 3146; x_wconf 89' lang='lat' dir='ltr'><strong>minus</strong></span> <span class='ocrx_word' id='word_1_263' title='bbox 467 3084 572 3146; x_wconf 89' lang='lat' dir='ltr'><strong>eodem</strong></span> <span class='ocrx_word' id='word_1_264' title='bbox 595 3082 745 3146; x_wconf 83' lang='lat' dir='ltr'><strong>vocabulo</strong></span> <span class='ocrx_word' id='word_1_265' title='bbox 765 3088 977 3166; x_wconf 78' lang='lat' dir='ltr'><strong>imperatorem</strong></span> <span class='ocrx_word' id='word_1_266' title='bbox 1004 3090 1094 3149; x_wconf 90' lang='lat' dir='ltr'><strong>etiam</strong></span> <span class='ocrx_word' id='word_1_267' title='bbox 1115 3089 1286 3155; x_wconf 81' lang='lat' dir='ltr'><strong>Romanum</strong></span> <span class='ocrx_word' id='word_1_268' title='bbox 1306 3100 1338 3151; x_wconf 82' lang='lat' dir='ltr'><strong>et</strong></span> 
     </span>
     <span class='ocr_line' id='line_1_35' title="bbox 260 3168 1337 3251; baseline 0.006 -25"><span class='ocrx_word' id='word_1_269' title='bbox 260 3168 433 3249; x_wconf 79' lang='lat' dir='ltr'><strong>Augustum</strong></span> <span class='ocrx_word' id='word_1_270' title='bbox 452 3171 631 3249; x_wconf 79' lang='lat' dir='ltr'><strong>exprimunt.</strong></span> <span class='ocrx_word' id='word_1_271' title='bbox 671 3168 743 3228; x_wconf 92' lang='lat' dir='ltr'><strong>Duo</strong></span> <span class='ocrx_word' id='word_1_272' title='bbox 768 3168 922 3231; x_wconf 85' lang='lat' dir='ltr'><strong>dumtaxat</strong></span> <span class='ocrx_word' id='word_1_273' title='bbox 948 3172 1106 3251; x_wconf 88' lang='lat' dir='ltr'><strong>scriptores</strong></span> <span class='ocrx_word' id='word_1_274' title='bbox 1130 3175 1337 3247; x_wconf 86' lang='lat' dir='ltr'><strong>nominantur,</strong></span> 
     </span>
     <span class='ocr_line' id='line_1_36' title="bbox 260 3242 1337 3333; baseline 0.008 -26"><span class='ocrx_word' id='word_1_275' title='bbox 260 3253 313 3331; x_wconf 89' lang='lat' dir='ltr'><strong>qui</strong></span> <span class='ocrx_word' id='word_1_276' title='bbox 331 3248 482 3309; x_wconf 89' lang='lat' dir='ltr'><strong>interdum</strong></span> <span class='ocrx_word' id='word_1_277' title='bbox 509 3242 725 3331; x_wconf 72' lang='grc' dir='ltr'><strong><em>αὐτοκράτορα</em></strong></span> <span class='ocrx_word' id='word_1_278' title='bbox 748 3250 921 3333; x_wconf 89' lang='lat' dir='ltr'><strong>appellent,</strong></span> <span class='ocrx_word' id='word_1_279' title='bbox 945 3252 1127 3316; x_wconf 85' lang='lat' dir='ltr'><strong>Plutarchus</strong></span> <span class='ocrx_word' id='word_1_280' title='bbox 1146 3266 1177 3317; x_wconf 87' lang='lat' dir='ltr'><strong>et</strong></span> <span class='ocrx_word' id='word_1_281' title='bbox 1197 3254 1337 3316; x_wconf 86' lang='lat' dir='ltr'><strong>Herodia-</strong></span> 
     </span>
     <span class='ocr_line' id='line_1_37' title="bbox 259 3330 1337 3415; baseline 0.006 -25"><span class='ocrx_word' id='word_1_282' title='bbox 259 3352 327 3392; x_wconf 87' lang='lat' dir='ltr'><strong>nus.</strong></span> <span class='ocrx_word' id='word_1_283' title='bbox 370 3330 576 3407; x_wconf 88' lang='lat' dir='ltr'><strong>Quamobrem</strong></span> <span class='ocrx_word' id='word_1_284' title='bbox 595 3333 713 3413; x_wconf 88' lang='lat' dir='ltr'><strong>quoties</strong></span> <span class='ocrx_word' id='word_1_285' title='bbox 740 3334 773 3393; x_wconf 89' lang='lat' dir='ltr'><strong>in</strong></span> <span class='ocrx_word' id='word_1_286' title='bbox 794 3334 851 3394; x_wconf 89' lang='lat' dir='ltr'><strong>hac</strong></span> <span class='ocrx_word' id='word_1_287' title='bbox 880 3334 1005 3395; x_wconf 86' lang='lat' dir='ltr'><strong>historia</strong></span> <span class='ocrx_word' id='word_1_288' title='bbox 1039 3357 1096 3398; x_wconf 85' lang='lat' dir='ltr'><strong>vox</strong></span> <span class='ocrx_word' id='word_1_289' title='bbox 1123 3332 1272 3415; x_wconf 69' lang='grc' dir='ltr'><strong><em>βασιλεῦς</em></strong></span> <span class='ocrx_word' id='word_1_290' title='bbox 1299 3337 1337 3397; x_wconf 91' lang='lat' dir='ltr'><strong>de</strong></span> 
     </span>
    </p>
   </div>
   <div class='ocr_carea' id='block_1_3' title="bbox 134 3413 1340 3496">
    <p class='ocr_par' dir='ltr' id='par_1_6' title="bbox 134 3413 1340 3496">
     <span class='ocr_line' id='line_1_38' title="bbox 134 3413 1340 3496; baseline 0.005 -22"><span class='ocrx_word' id='word_1_291' title='bbox 134 3468 135 3479; x_wconf 70' lang='grc'>,</span> <span class='ocrx_word' id='word_1_292' title='bbox 259 3413 592 3494; x_wconf 88' lang='lat' dir='ltr'><strong>Constantinopolitano</strong></span> <span class='ocrx_word' id='word_1_293' title='bbox 609 3414 742 3496; x_wconf 74' lang='lat' dir='ltr'><strong>principe</strong></span> <span class='ocrx_word' id='word_1_294' title='bbox 763 3416 907 3492; x_wconf 87' lang='lat' dir='ltr'><strong>occurrit,</strong></span> <span class='ocrx_word' id='word_1_295' title='bbox 928 3418 1069 3493; x_wconf 85' lang='lat' dir='ltr'><strong>(occurrit</strong></span> <span class='ocrx_word' id='word_1_296' title='bbox 1085 3431 1184 3482; x_wconf 88' lang='lat' dir='ltr'><strong>autem</strong></span> <span class='ocrx_word' id='word_1_297' title='bbox 1206 3419 1340 3495; x_wconf 84' lang='lat' dir='ltr'><strong>millies,)</strong></span> 
     </span>
    </p>
   </div>
   <div class='ocr_carea' id='block_1_4' title="bbox 259 3496 1341 4239">
    <p class='ocr_par' dir='ltr' id='par_1_7' title="bbox 259 3496 1341 4239">
     <span class='ocr_line' id='line_1_39' title="bbox 259 3496 1338 3580; baseline 0.006 -25"><span class='ocrx_word' id='word_1_298' title='bbox 259 3517 323 3556; x_wconf 87' lang='lat' dir='ltr'><strong>non</strong></span> <span class='ocrx_word' id='word_1_299' title='bbox 340 3517 414 3570; x_wconf 75' lang='lat' dir='ltr'><strong>rex,</strong></span> <span class='ocrx_word' id='word_1_300' title='bbox 449 3496 501 3556; x_wconf 87' lang='lat' dir='ltr'><strong>sed</strong></span> <span class='ocrx_word' id='word_1_301' title='bbox 522 3497 684 3579; x_wconf 82' lang='lat' dir='ltr'><strong>imperator</strong></span> <span class='ocrx_word' id='word_1_302' title='bbox 712 3496 865 3560; x_wconf 88' lang='lat' dir='ltr'><strong>reddenda</strong></span> <span class='ocrx_word' id='word_1_303' title='bbox 885 3508 939 3561; x_wconf 90' lang='lat' dir='ltr'><strong>est.</strong></span> <span class='ocrx_word' id='word_1_304' title='bbox 980 3500 1046 3563; x_wconf 88' lang='lat' dir='ltr'><strong>Non</strong></span> <span class='ocrx_word' id='word_1_305' title='bbox 1076 3524 1124 3564; x_wconf 89' lang='lat' dir='ltr'><strong>me</strong></span> <span class='ocrx_word' id='word_1_306' title='bbox 1151 3501 1246 3580; x_wconf 88' lang='lat' dir='ltr'><strong>latet,</strong></span> <span class='ocrx_word' id='word_1_307' title='bbox 1278 3502 1338 3563; x_wconf 87' lang='lat' dir='ltr'><strong>tria</strong></span> 
     </span>
     <span class='ocr_line' id='line_1_40' title="bbox 260 3576 1339 3665; baseline 0.005 -26"><span class='ocrx_word' id='word_1_308' title='bbox 260 3578 335 3639; x_wconf 83' lang='lat' dir='ltr'><strong>lraec</strong></span> <span class='ocrx_word' id='word_1_309' title='bbox 355 3581 478 3640; x_wconf 89' lang='lat' dir='ltr'><strong>nomina</strong></span> <span class='ocrx_word' id='word_1_310' title='bbox 494 3579 634 3640; x_wconf 91' lang='lat' dir='ltr'><strong>eumdem</strong></span> <span class='ocrx_word' id='word_1_311' title='bbox 651 3576 813 3661; x_wconf 83' lang='lat' dir='ltr'><strong>aliquando</strong></span> <span class='ocrx_word' id='word_1_312' title='bbox 843 3583 979 3664; x_wconf 79' lang='lat' dir='ltr'><strong>gessisse,</strong></span> <span class='ocrx_word' id='word_1_313' title='bbox 1006 3579 1175 3663; x_wconf 70' lang='grc' dir='ltr'><strong><em>βασιλεύς,</em></strong></span> <span class='ocrx_word' id='word_1_314' title='bbox 1197 3585 1339 3665; x_wconf 74' lang='lat' dir='ltr'><strong>Kut‘oup,</strong></span> 
     </span>
     <span class='ocr_line' id='line_1_41' title="bbox 260 3656 1339 3746; baseline 0.005 -24"><span class='ocrx_word' id='word_1_315' title='bbox 260 3656 423 3739; x_wconf 76' lang='grc' dir='ltr'><strong><em>σεβαστός.</em></strong></span> <span class='ocrx_word' id='word_1_316' title='bbox 464 3664 579 3724; x_wconf 88' lang='lat' dir='ltr'><strong>Verum</strong></span> <span class='ocrx_word' id='word_1_317' title='bbox 599 3683 635 3722; x_wconf 87' lang='lat' dir='ltr'><strong>ea</strong></span> <span class='ocrx_word' id='word_1_318' title='bbox 655 3662 738 3723; x_wconf 88' lang='lat' dir='ltr'><strong>aliud</strong></span> <span class='ocrx_word' id='word_1_319' title='bbox 758 3684 819 3724; x_wconf 92' lang='lat' dir='ltr'><strong>non</strong></span> <span class='ocrx_word' id='word_1_320' title='bbox 843 3674 938 3743; x_wconf 89' lang='lat' dir='ltr'><strong>sunt,</strong></span> <span class='ocrx_word' id='word_1_321' title='bbox 961 3686 1054 3746; x_wconf 90' lang='lat' dir='ltr'><strong>quam</strong></span> <span class='ocrx_word' id='word_1_322' title='bbox 1075 3671 1116 3729; x_wconf 86' lang='lat' dir='ltr'><strong>im</strong></span> <span class='ocrx_word' id='word_1_323' title='bbox 1152 3682 1247 3743; x_wconf 83' lang='lat' dir='ltr'><strong>rator,</strong></span> <span class='ocrx_word' id='word_1_324' title='bbox 1263 3668 1339 3727; x_wconf 77' lang='lat' dir='ltr'><strong>Cae-</strong></span> 
     </span>
     <span class='ocr_line' id='line_1_42' title="bbox 260 3743 1338 3831; baseline 0.006 -28"><span class='ocrx_word' id='word_1_325' title='bbox 260 3765 320 3820; x_wconf 84' lang='lat' dir='ltr'><strong>sar,</strong></span> <span class='ocrx_word' id='word_1_326' title='bbox 340 3743 495 3825; x_wconf 68' lang='lat' dir='ltr'><strong>Augustis.</strong></span> <span class='ocrx_word' id='word_1_327' title='bbox 534 3745 593 3807; x_wconf 80' lang='lat' dir='ltr'><strong>Est</strong></span> <span class='ocrx_word' id='word_1_328' title='bbox 610 3765 680 3823; x_wconf 66' lang='lat' dir='ltr'><strong>ergo</strong></span> <span class='ocrx_word' id='word_1_329' title='bbox 700 3747 732 3807; x_wconf 91' lang='lat' dir='ltr'><strong>iu</strong></span> <span class='ocrx_word' id='word_1_330' title='bbox 753 3746 834 3817; x_wconf 84' lang='lat' dir='ltr'><strong>hisce</strong></span> <span class='ocrx_word' id='word_1_331' title='bbox 855 3747 938 3809; x_wconf 88' lang='lat' dir='ltr'><strong>libris</strong></span> <span class='ocrx_word' id='word_1_332' title='bbox 962 3769 1024 3811; x_wconf 90' lang='lat' dir='ltr'><strong>non</strong></span> <span class='ocrx_word' id='word_1_333' title='bbox 1051 3772 1081 3811; x_wconf 94' lang='lat' dir='ltr'><strong>m</strong></span> <span class='ocrx_word' id='word_1_334' title='bbox 1122 3772 1142 3812; x_wconf 94' lang='lat' dir='ltr'><strong>o</strong></span> <span class='ocrx_word' id='word_1_335' title='bbox 1171 3749 1338 3831; x_wconf 61' lang='grc' dir='ltr'><strong><em>Ου’γγριας,</em></strong></span> 
     </span>
     <span class='ocr_line' id='line_1_43' title="bbox 259 3821 1340 3915; baseline 0.004 -28"><span class='ocrx_word' id='word_1_336' title='bbox 259 3822 433 3906; x_wconf 74' lang='grc' dir='ltr'><strong><em>Ἀρμενίας,</em></strong></span> <span class='ocrx_word' id='word_1_337' title='bbox 453 3824 625 3908; x_wconf 65' lang='lat' dir='ltr'><strong>‘Perusinos</strong></span> <span class='ocrx_word' id='word_1_338' title='bbox 647 3821 816 3910; x_wconf 67' lang='grc' dir='ltr'><strong><em>(Ῥαβέννης</em></strong></span> <span class='ocrx_word' id='word_1_339' title='bbox 826 3829 1006 3914; x_wconf 78' lang='lat' dir='ltr'><strong>legendum),</strong></span> <span class='ocrx_word' id='word_1_340' title='bbox 1025 3828 1172 3915; x_wconf 76' lang='grc' dir='ltr'><strong><em>Κύπρου,</em></strong></span> <span class='ocrx_word' id='word_1_341' title='bbox 1195 3824 1340 3893; x_wconf 73' lang='grc' dir='ltr'><strong><em>Καταλό-</em></strong></span> 
     </span>
     <span class='ocr_line' id='line_1_44' title="bbox 259 3907 1336 3994; baseline 0.004 -26"><span class='ocrx_word' id='word_1_342' title='bbox 259 3926 342 3987; x_wconf 75' lang='lat' dir='ltr'><strong>rur,</strong></span> <span class='ocrx_word' id='word_1_343' title='bbox 367 3908 518 3991; x_wconf 89' lang='lat' dir='ltr'><strong>semelque</strong></span> <span class='ocrx_word' id='word_1_344' title='bbox 538 3912 695 3971; x_wconf 80' lang='lat' dir='ltr'><strong>etiterum</strong></span> <span class='ocrx_word' id='word_1_345' title='bbox 720 3907 847 3974; x_wconf 75' lang='grc' dir='ltr'><strong><em>Μύσων</em></strong></span> <span class='ocrx_word' id='word_1_346' title='bbox 867 3910 944 3994; x_wconf 77' lang='grc' dir='ltr'><strong>ρῆξ,</strong></span> <span class='ocrx_word' id='word_1_347' title='bbox 970 3914 1023 3977; x_wconf 88' lang='lat' dir='ltr'><strong>sed</strong></span> <span class='ocrx_word' id='word_1_348' title='bbox 1052 3919 1143 3977; x_wconf 88' lang='lat' dir='ltr'><strong>etiam</strong></span> <span class='ocrx_word' id='word_1_349' title='bbox 1167 3908 1336 3994; x_wconf 71' lang='lat' dir='ltr'><strong>Kcipoutor</strong></span> 
     </span>
     <span class='ocr_line' id='line_1_45' title="bbox 262 3982 1341 4075; baseline 0.004 -24"><span class='ocrx_word' id='word_1_350' title='bbox 262 3982 345 4070; x_wconf 73' lang='grc' dir='ltr'><strong>ῥῆξε</strong></span> <span class='ocrx_word' id='word_1_351' title='bbox 377 4013 416 4052; x_wconf 89' lang='lat' dir='ltr'><strong>ue</strong></span> <span class='ocrx_word' id='word_1_352' title='bbox 436 3993 475 4053; x_wconf 90' lang='lat' dir='ltr'><strong>de</strong></span> <span class='ocrx_word' id='word_1_353' title='bbox 496 3991 606 4075; x_wconf 76' lang='lat' dir='ltr'><strong>regulis</strong></span> <span class='ocrx_word' id='word_1_354' title='bbox 638 3994 846 4056; x_wconf 89' lang='lat' dir='ltr'><strong>tautummodo</strong></span> <span class='ocrx_word' id='word_1_355' title='bbox 870 3997 985 4058; x_wconf 88' lang='lat' dir='ltr'><strong>dictum</strong></span> <span class='ocrx_word' id='word_1_356' title='bbox 1006 4001 1162 4062; x_wconf 81' lang='lat' dir='ltr'><strong>existimes.</strong></span> <span class='ocrx_word' id='word_1_357' title='bbox 1203 3997 1288 4075; x_wconf 88' lang='lat' dir='ltr'><strong>Quin</strong></span> <span class='ocrx_word' id='word_1_358' title='bbox 1309 4006 1341 4056; x_wconf 88' lang='lat' dir='ltr'><strong>et</strong></span> 
     </span>
     <span class='ocr_line' id='line_1_46' title="bbox 259 4074 1339 4159; baseline 0.007 -29"><span class='ocrx_word' id='word_1_359' title='bbox 259 4074 471 4154; x_wconf 84' lang='lat' dir='ltr'><strong>imperatorem</strong></span> <span class='ocrx_word' id='word_1_360' title='bbox 493 4076 654 4138; x_wconf 88' lang='lat' dir='ltr'><strong>occidentis</strong></span> <span class='ocrx_word' id='word_1_361' title='bbox 674 4077 754 4158; x_wconf 88' lang='lat' dir='ltr'><strong>apud</strong></span> <span class='ocrx_word' id='word_1_362' title='bbox 776 4076 921 4159; x_wconf 86' lang='lat' dir='ltr'><strong>quosdam</strong></span> <span class='ocrx_word' id='word_1_363' title='bbox 938 4081 1117 4143; x_wconf 86' lang='lat' dir='ltr'><strong>recentiores</strong></span> <span class='ocrx_word' id='word_1_364' title='bbox 1127 4084 1258 4142; x_wconf 86' lang='lat' dir='ltr'><strong>Graecos</strong></span> <span class='ocrx_word' id='word_1_365' title='bbox 1277 4098 1339 4138; x_wconf 86' lang='lat' dir='ltr'><strong>nou</strong></span> 
     </span>
     <span class='ocr_line' id='line_1_47' title="bbox 261 4154 1337 4239; baseline 0.004 -24"><span class='ocrx_word' id='word_1_366' title='bbox 261 4154 395 4230; x_wconf 71' lang='grc' dir='ltr'><strong><em>βασιλέα</em></strong></span> <span class='ocrx_word' id='word_1_367' title='bbox 405 4154 588 4235; x_wconf 57' lang='lat' dir='ltr'><strong>‘Punctum</strong></span> <span class='ocrx_word' id='word_1_368' title='bbox 620 4157 672 4219; x_wconf 88' lang='lat' dir='ltr'><strong>sod</strong></span> <span class='ocrx_word' id='word_1_369' title='bbox 693 4155 775 4239; x_wconf 75' lang='grc' dir='ltr'><strong>βῆγα</strong></span> <span class='ocrx_word' id='word_1_370' title='bbox 798 4155 962 4239; x_wconf 75' lang='grc' dir='ltr'><strong><em>Ῥωμαίων</em></strong></span> <span class='ocrx_word' id='word_1_371' title='bbox 981 4166 1170 4227; x_wconf 88' lang='lat' dir='ltr'><strong>nominatum</strong></span> <span class='ocrx_word' id='word_1_372' title='bbox 1200 4161 1337 4225; x_wconf 81' lang='lat' dir='ltr'><strong>videbis:</strong></span> 
     </span>
    </p>
   </div>
   <div class='ocr_carea' id='block_1_5' title="bbox 0 0 1500 4678">
    <p class='ocr_par' dir='ltr' id='par_1_8' title="bbox 0 0 1500 4678">
     <span class='ocr_line' id='line_1_48' title="bbox 0 0 1500 4678; baseline 0 0"><span class='ocrx_word' id='word_1_373' title='bbox 0 0 1500 4678; x_wconf 95' lang='lat' dir='ltr'><strong> </strong></span> 
     </span>
    </p>
   </div>
  </div>
 </body>
</html>
