2978 4678
422 298 478 361 m
508 294 788 361 mursensem
821 297 898 363 un
915 299 940 360 1.
1137 271 1217 374 tu

142 467 227 518 tuam
250 451 365 515 Marias
386 449 519 533 virginis.
560 449 649 511 Subit
669 460 802 513 mentem
830 447 908 511 illud
926 469 961 511 er
982 468 1010 510 a.
1034 449 1163 513 Aeneld.
1185 451 1224 512 de

141 536 270 601 Hecuba
293 546 323 598 et
344 533 477 615 filiabus,
498 544 587 595 nocte
606 532 656 596 illa
677 555 816 616 suprema
849 545 880 595 et
901 532 1121 595 funestissima:
1158 533 1224 596 Ae-

141 621 227 683 ditm
265 621 298 681 in
332 618 439 680 mediis
477 616 613 702 tuedoque
650 617 701 678 rub
740 619 866 678 aetheris
906 638 969 677 mee
1004 624 1062 682 eto.
1124 613 1225 678 Aliter

140 705 254 767 ethnici
282 702 341 764 hoc
370 699 540 775 faciebant,
572 712 607 762 ut
632 699 800 762 calamitate
824 702 856 765 in
876 719 985 782 magna
1005 699 1131 761 deorum
1151 721 1225 760 suo.
1323 696 1333 764 J.

139 807 212 849 rum
241 797 353 849 eatuas
375 783 606 867 supplicabundi
639 782 910 867 amplecterentur,
947 779 1034 843 aliter·
1065 805 1121 844 nos
1141 782 1224 844 idem

139 881 314 932 sanctorum
332 868 526 951 imaginibus,
545 868 663 951 signis,
683 869 807 945 statuis,
828 866 963 950 reliquiis
981 865 1127 942 iacimus,
1152 886 1224 927 cum

139 954 180 1015 ad
201 975 237 1015 ea
257 974 336 1036 genu
355 951 514 1024 flectimus,
535 952 599 1033 ipsa
619 948 828 1033 amplectimur
848 962 878 1012 et
897 948 1124 1011 exosculamur:
1144 951 1223 1011 sicut

139 1035 200 1099 alia
214 1036 309 1098 multa
328 1056 510 1108 exercemus,
532 1038 559 1097 si
580 1055 644 1096 nnn
658 1031 718 1096 allo
731 1034 836 1112 modo,
858 1032 917 1094 alio
934 1044 1015 1094 certe
1032 1033 1091 1094 fine
1106 1032 1222 1093 acreli·

139 1121 240 1201 giem,
265 1141 356 1202 quem
376 1120 434 1200 ipsi
450 1117 646 1179 factitarunt:
669 1118 820 1202 inquibus
832 1117 942 1177 liustra
953 1116 993 1177 ab
1013 1116 1223 1199 insipientibus

135 1212 167 1264 et
187 1202 316 1264 indoctis
336 1199 513 1263 mortalibus
533 1222 590 1283 pro
609 1199 777 1263 idololatris
787 1199 1045 1283 reprebendimus.
1070 1220 1199 1267 sorren.

222 1284 252 1348 P
291 1287 428 1360 .t3o‚s.
442 1286 621 1369 pappiae
637 1284 886 1366 Palaeologo
906 1285 1223 1368 protelagatori.

138 1369 220 1431 Vere
233 1309 432 1451 Pbineologus
452 1367 509 1429 fuit
527 1380 652 1450 paterne
672 1371 800 1452 origine,
821 1378 857 1429 ut
879 1365 1005 1449 liquebit
1024 1389 1059 1429 ex
1086 1388 1153 1449 cap.
1170 1366 1219 1429 30.

137 1450 183 1511 At
192 1450 386 1513 Andronicus
400 1448 600 1535 Palaeologus
621 1453 881 1535 protovestiarius,
896 1462 930 1511 ut
946 1471 981 1511 ex
999 1471 1032 1510 ea
1056 1449 1128 1530 ,db
1146 1470 1222 1508 con-

137 1534 242 1612 stabit,
263 1546 394 1596 matrem
412 1533 520 1596 babuit
533 1538 668 1613 Annam,
682 1556 817 1597 sororem
833 1534 959 1595 senioris
974 1473 1143 1595 Andronici
1159 1533 1221 1593 Pa-

136 1614 277 1701 laeologi,
299 1630 414 1701 patrem
436 1638 511 1679 vero
530 1618 711 1680 Michaelem
733 1616 939 1681 eTlsessalise
966 1617 1105 1679 ducibus.
1137 1615 1221 1698 Ergo

136 1698 262 1763 honoris
282 1722 363 1785 ergo,
386 1701 457 1784 quia
475 1711 648 1763 maternum
667 1724 761 1785 genus
785 1700 857 1763 inde
875 1699 1012 1779 duceret,
1028 1701 1086 1763 boc
1101 1698 1145 1761 illi
1161 1720 1221 1759 nm

136 1784 356 1859 mundatum,
384 1786 462 1846 sicut
487 1784 608 1846 feminis
632 1784 836 1867 quibusdum,
867 1794 903 1844 ut
921 1782 1076 1866 Eugeoine
1095 1781 1221 1844 Palaeo·
1346 1828 1348 1831 -

135 1864 223 1948 loges
253 1878 283 1928 et
319 1869 408 1928 matri
442 1869 536 1948 ipsius
568 1868 770 1929 Gaotscuzeni
799 1866 979 1930 Theodorae
1012 1865 1220 1951 Palaeologse.

136 1968 264 2013 suurn.
288 1942 566 2031 upwroiieya'ropt
590 1953 635 2012 M.
658 1972 790 2034 quoque.

216 2033 443 2116 Pag:132,7.
474 2023 520 2106 nie
546 2030 632 2107 τινός
660 2034 724 2098 τῶν
754 2028 939 2115 κρειττόνων
968 2026 1218 2110 θαυμαζόμενοι.

133 2114 201 2176 Non
231 2111 378 2213 intelligo,
407 2136 503 2197 quare
531 2115 571 2177 ad
596 2116 672 2179 haec
700 2116 929 2216 interpretanda
960 2137 1024 2214 nnn
1053 2116 1167 2213 optime
1188 2126 1219 2175 et

78 2270 83 2279 ’
132 2196 1049 2369 titiittttttdfflssdtiiiedtlttittttt
1060 2196 1218 2364 tibi&

132 2365 293 2425 intem.
347 2365 451 2429 Simile
478 2376 525 2428 est
553 2363 632 2426 illud
655 2367 789 2428 eiusdem
818 2365 857 2426 ad
886 2366 1038 2445 Quintum
1069 2362 1216 2437 fratrem,

132 2448 221 2528 epist,
237 2468 263 2507 1·
285 2443 339 2513 lib.
357 2467 405 2509 ια
448 2447 532 2511 Nam
560 2448 672 2512 Graeci
686 2451 807 2535 quidem
827 2451 872 2510 sic
891 2463 920 2510 te
938 2450 981 2510 ita
1000 2450 1151 2509 visentem
1166 2448 1218 2507 iu·

73 2602 82 2619 x
132 2531 303 2606 taediorum,
327 2544 361 2592 ut
379 2532 539 2616 quentdam
561 2554 603 2594 ex
625 2535 782 2596 cimelium
801 2533 966 2608 mercorio,
994 2544 1047 2593 atet
1067 2534 1158 2592 etiam
1178 2531 1219 2590 de

133 2613 214 2675 coelo
234 2613 375 2677 diuinum
395 2615 546 2678 bominem
561 2637 628 2698 ⁸erse
649 2617 683 2681 in
707 2616 901 2707 prouinciam
924 2614 1081 2700 &lautum
1105 2627 1221 2699 putem·

134 2714 265 2760 tuerer.

217 2778 297 2862 Peg.
325 2780 394 2856 133,
418 2782 469 2843 23.
492 2777 573 2862 πρὸς
592 2775 628 2842 τὸ
648 2775 703 2842 τὸν
723 2779 856 2860 βασιλέα
872 2782 917 2848 Μ.

215 2861 294 2945 Peg.
319 2864 388 2941 134,
407 2885 454 2926 ts.
473 2866 620 2947 algore.
662 2865 743 2944 Quia
755 2864 946 2947 frigidissima
962 2863 1044 2946 regio
1062 2861 1219 2926 ssthra·

133 2945 193 3025 cia,
212 2958 294 3008 recte
314 2942 483 3029 appellatur
513 2970 532 3008 s
554 2944 675 3010 Catullo
693 2950 837 3027 horrida,
867 2948 906 3009 ab
930 2948 1057 3009 Horatio
1080 2946 1150 3007 Ode
1169 2948 1218 3007 vi-

132 3030 246 3111 gesima
267 3036 374 3113 quinta
394 3029 464 3092 libri
484 3032 567 3092 tertii
591 3035 665 3094 trive
682 3031 829 3095 candida.
869 3030 1003 3110 Quidum
1026 3030 1068 3090 ob
1089 3029 1121 3090 id
1143 3025 1215 3090 ἄνι’-

131 3132 201 3189 μων
221 3109 445 3195 ἐργαστήριον,
467 3128 623 3176 centonem
650 3111 810 3194 ffcineot
834 3135 887 3176 seu
903 3115 1090 3177 domicilium
1115 3114 1218 3174 nomi·

132 3207 254 3259 nerunt.
286 3196 448 3280 Euripides
460 3196 586 3259 Hecuba
594 3194 746 3279 χιονώδη,
766 3199 914 3263 nivosam.
955 3198 1005 3259 De
1022 3196 1217 3280 eiuslsigori·

132 3276 191 3421 lim
210 3280 376 3360 immensis,
396 3279 560 3363 multisque
579 3280 726 3344 militibus
748 3302 853 3344 eorum
872 3281 903 3343 vi
914 3283 1034 3361 enectis,
1054 3279 1134 3343 libro
1153 3290 1217 3342 ter·

157 3374 384 3529 oelialliieilild,
410 3384 617 3531 igilidilpo,
638 3458 675 3508 ut
694 3449 859 3524 cohortem,
884 3468 978 3533 quam
999 3448 1146 3530 legium
1167 3447 1215 3506 io·

130 3538 330 3610 terpretetnur
353 3533 472 3615 potius,
493 3552 541 3592 res
565 3534 630 3613 ipsa
649 3533 740 3614 cogit.
780 3531 884 3594 Etium
904 3530 981 3592 alibi
1000 3532 1082 3593 malo
1103 3528 1216 3591 cobor-

38 3670 42 3679 ,
130 3621 210 3673 tem:
232 3616 320 3694 parvi
342 3616 423 3675 enim
447 3616 593 3676 exereitus
612 3613 710 3693 fuere,
730 3635 806 3696 quos
827 3615 995 3676 Andronici
1016 3626 1046 3675 et
1065 3615 1215 3675 Cantecu-

131 3715 222 3757 senus
241 3697 404 3772 duxerunt,
424 3718 480 3758 nec
499 3696 610 3758 multas
629 3694 762 3779 legiones
783 3698 989 3764 coniecerunt.
1031 3698 1142 3780 Magna
1165 3706 1215 3757 ta·

130 3796 202 3853 rnen
225 3779 334 3845 auxilia
354 3779 397 3842 ab
416 3780 544 3845 Amoris
567 3790 597 3841 et
617 3780 760 3840 Orobane
780 3779 938 3863 aliquoties
966 3791 1127 3843 venerunt.
1165 3779 1215 3841 De

129 3860 306 3924 cohortibus
327 3865 535 3925 Romanorum
558 3872 633 3946 quot
652 3861 800 3923 militibus
819 3874 1002 3937 constarent,
1023 3864 1093 3927 vide
1115 3862 1215 3946 Vege-

128 3944 208 4005 tium
227 3943 281 4005 lib.
294 3967 323 4008 s.
339 3968 404 4031 esp.
419 3946 447 4008 5.
456 3958 486 4008 ct
494 3946 524 4009 6.
535 3958 565 4008 et
587 3945 734 4008 Alexand.
755 3946 795 4007 ab
815 3945 963 4011 sterent.
985 3944 1041 4010 lib.
1058 3971 1083 4016 r.
1103 3967 1171 4030 cup.
1182 3943 1213 4008 5.

128 4037 160 4091 et
179 4023 235 4093 lib.
256 4027 288 4089 6.
311 4051 378 4112 esp.
401 4032 446 4092 13.
489 4050 619 4092 nonesto

209 4111 287 4192 Peg.
313 4111 383 4192 134,
413 4115 461 4176 nb.
493 4108 625 4189 αἵματος
660 4101 795 4174 ι’ἷιιιστόν
823 4135 853 4173 τι
894 4109 1015 4191 χῆμα.
1079 4110 1208 4192 Propria

127 4194 317 4257 Graecorum
348 4194 423 4261 haec
454 4195 601 4282 elegantia
630 4217 684 4259 seu
705 4196 827 4281 elegans
847 4194 897 4257 bio
918 4134 1063 4279 inquendi
1087 4195 1205 4273 modus,
