2978 4678
455 276 975 343 ADCANTACUZENIL113.1.
1178 256 1262 369 387

187 437 293 501 litteris
315 434 355 497 da
373 432 536 496 saronas
556 433 651 494 nostrl
671 443 740 494 ortu
761 424 831 516 legi,
852 446 1003 519 tammam
1021 430 1140 520 sportam
1159 458 1264 520 proee-

187 521 260 582 dens
277 519 317 580 de
337 519 467 580 thalamo
478 538 538 581 aaa.
580 516 645 577 Ubi
667 534 814 577 consensu
834 515 1043 599 theologorum
1062 522 1264 583 sanctissimae

187 602 324 685 Virginis
346 602 461 662 Mariae
481 611 586 661 uterus
616 598 818 681 intelligitur,
851 601 881 659 in
917 621 978 682 quo
1014 599 1098 679 velut
1131 601 1265 664 thalamo

187 706 255 747 eam
274 685 331 746 sibi
352 681 431 744 lilius
450 682 526 761 Dei,
554 702 645 743 carne
665 701 700 743 ex
720 701 755 742 ea
778 682 919 759 indutus,
943 678 1081 767 sponsam
1101 684 1265 766 copulavit.

186 768 229 829 Et
252 770 394 851 qnoniam
424 765 651 826 Cantacuzenus
678 764 807 825 libenter
832 764 959 826 vocibus
989 766 1162 828 divinarum
1190 772 1265 829 scri-

209 862 348 913 turarum
371 852 479 927 utitur,
501 847 540 909 de
558 859 655 910 matre
676 847 844 908 Andronici
870 859 901 911 et
917 859 1006 931 partu
1028 851 1091 909 eins
1110 852 1264 932 cogitanti,

264 933 402 1006 verbum,
414 951 468 995 eeu
481 930 563 993 hunc
579 934 744 1016 scripturae
761 930 862 992 locum
881 933 1046 993 occurrisse
1066 933 1265 996 existimemus

185 1017 265 1079 licet.
285 1036 418 1078 roaros.

160 1093 166 1107 ⁴
268 1098 479 1181 Pag.31,ro.
505 1098 751 1180 parvissima
777 1097 892 1158 labes
915 1090 1053 1159 videri
1074 1102 1267 1182 sapienti·
1330 1164 1333 1177 Δ

186 1182 249 1243 bas
267 1183 452 1246 maximo.
473 1180 721 1245 ravennianos
736 1179 938 1241 Omneaaimi
946 1182 1269 1266 vr‘tinmtantoenmpe·

185 1254 257 1326 οτὶιιὲ
277 1268 310 1325 in
329 1284 360 1324 se
382 1262 458 1324 Esse
476 1264 563 1339 solet,
586 1275 696 1345 qrtanto
716 1265 814 1323 maior
830 1265 883 1347 qui
902 1277 1007 1347 peccat
1023 1265 1154 1325 Ιιαύειιιν.
1186 1267 1267 1327 Bene

187 1348 382 1432 sapientiam,
410 1366 482 1407 nam
504 1344 537 1406 lsi
557 1345 645 1426 longe
664 1357 792 1406 cernunt
811 1348 948 1425 acutius,
975 1367 1067 1429 quam
1088 1346 1215 1431 vulgus,
1240 1364 1270 1411 et

188 1430 325 1491 indicant
342 1430 453 1491 verius.
493 1428 577 1511 Ergo
592 1431 738 1509 sapientes
760 1450 779 1488 a
799 1429 920 1511 regibus
940 1429 1152 1509 perlectionem
1174 1433 1268 1492 maxi-

188 1532 271 1573 mam
294 1513 466 1595 requirnnt,
485 1531 650 1594 eorumque
671 1512 797 1593 peccatis
818 1533 878 1572 non
892 1510 978 1573 facile
998 1512 1166 1594 ignoscunt.
1189 1514 1270 1595 lpse·

190 1605 253 1656 met
276 1596 504 1677 §cameasenus
535 1602 667 1656 extremo
695 1606 803 1676 quarto
835 1616 899 1675 cap
921 1593 972 1674 48.
997 1617 1035 1656 en
1068 1617 1160 1678 quam
1180 1618 1268 1676 prae-

191 1679 291 1757 clare,
311 1678 386 1739 dem
405 1676 502 1739 lilium
532 1677 721 1738 Matthaeum
740 1698 758 1737 a
777 1676 938 1758 cupiditate
964 1679 1132 1759 imperandi
1154 1678 1270 1740 abstar-

191 1773 246 1824 ret.
279 1761 350 1825 Non
368 1762 447 1821 enim
470 1759 721 1845 qtoemadmodam
740 1760 867 1833 aliis,si
895 1761 987 1820 vitam
1008 1763 1098 1822 solerte
1121 1776 1270 1844 transege-

192 1847 264 1920 rint,
284 1846 325 1904 sio
340 1845 432 1904 atram
448 1844 490 1902 im
526 1842 671 1903 molitas
682 1845 828 1919 mevenit,
843 1842 1025 1905 mdaamum
1044 1844 1089 1904 ad
1105 1847 1183 1928 t'psm
1206 1867 1269 1905 mo·

189 1928 230 1987 do
246 1928 411 2009 pertineat,
434 1946 449 1984 a
502 1937 532 1984 et
556 1924 634 1985 lona
660 1928 689 1985 et
713 1925 796 1985 mala
816 1925 948 2009 ipsorum
963 1927 1087 1986 subditis
1103 1930 1270 1987 commentia

189 2022 279 2069 suat.-
317 2022 347 2068 et
377 2008 566 2090 imperatoris
592 2010 726 2069 animam
747 2009 846 2069 omna
867 2010 984 2067 vz'rtutis
1007 2010 1156 2092 spanahim
1184 2023 1217 2068 at
1235 2033 1271 2070 ue

188 2093 380 2175 malep'pum
401 2110 464 2151 esse
476 2102 609 2174 oportet.-
631 2091 747 2174 alioqui
764 2111 824 2151 non
842 2091 937 2151 solum
954 2110 1041 2167 suae,
1069 2091 1124 2151 sed
1140 2104 1170 2152 et
1191 2031 1269 2154 adio-

190 2190 255 2235 ram
268 2175 405 2255 segra’tiei
414 2192 527 2257 poenas
544 2173 703 2255 persolvet.
725 2191 855 2235 roman.

272 2257 352 2338 Pog.
373 2257 424 2333 31,
449 2254 497 2319 16.
516 2252 745 2331 ἐπιβλέψαντος
764 2254 809 2315 Μ.

271 2339 352 2420 Pag.
376 2339 426 2417 31,
443 2339 495 2400 25.
512 2332 721 2415 μεταβάλλεις
739 2334 795 2415 τῆς
809 2331 889 2417 πρὸς
911 2334 970 2412 ἐμὲ
988 2357 1020 2399 π.
1038 2337 1082 2397 Μ.

231 2458 234 2469 =
273 2422 351 2504 Pag.
374 2421 427 2497 31,
447 2419 497 2499 24.
517 2422 552 2481 si
571 2419 723 2505 quidem
741 2420 979 2480 amaritudo.
1005 2421 1040 2479 ln
1055 2421 1228 2506 evangelio:
1245 2426 1274 2486 si

106 2530 116 2547 1
189 2503 583 2605 pademsrroetumfeoerit:
600 2505 648 2563 sin
659 2515 764 2576 mrtem,
777 2504 904 2563 macida
914 2522 991 2562 eam.
1013 2503 1115 2565 &aas
1129 2505 1280 2590 loquendi„

192 2584 391 2650 ελλειπτικόν.
433 2583 619 2645 subauditur
638 2586 865 2665 berefactam,
887 2586 957 2645 bene
975 2606 1022 2644 res
1043 2586 1180 2662 habeba,
1218 2601 1272 2652 ant

192 2669 253 2730 tale
272 2670 439 2752 quidpiam.
482 2668 581 2728 Latini
597 2687 717 2749 qnoque
735 2671 778 2728 sic
798 2666 991 2751 loquuntnr‚·
1003 2678 1093 2753 atque
1116 2671 1191 2731 adeo
1209 2674 1271 2754 ipse

191 2753 307 2818 Cicero.
347 2753 492 2813 Notntnm
513 2760 559 2813 est
576 2749 692 2810 alicubi¹
704 2771 723 2809 a
743 2749 864 2811 Budaeo
885 2753 917 2811 in
936 2749 1112 2814 Pandectas.
1138 2773 1271 2817 aaaron.

276 2838 353 2919 Pag.
377 2836 428 2910 31,
450 2831 500 2911 ad.
521 2833 740 2913 προβληθείτω
765 2833 806 2892 Μ.
999 2848 1003 2853 ·

273 2921 350 3001 Pag.
375 2917 414 2979 32
451 2915 481 2983 5.
501 2920 565 2987 τοῖς
599 2913 632 2989 ἐξ
663 2905 778 2995 ὀργῆς,
812 2903 834 2996 ἢ
859 2908 975 2994 λύπης,
1004 2903 1126 2994 ἧτινος
1155 2904 1199 2980 ὧν
1221 2918 1272 2981 λέ-

191 3022 296 3089 yovm,
311 2999 384 3083 μήτ’
400 2956 445 3061 dv
469 2995 586 3080 δρῶσιν
601 2996 636 3058 ἐν
655 3001 721 3067 τοῖς
735 2997 789 3078 τῆς
811 2996 954 3078 ταραχῆς
976 3004 1113 3077 καιροῖς,
1134 3022 1272 3083 παρακα-

190 3079 361 3168 τέχειντῆν
376 3076 512 3162 μνήμην.
552 3080 724 3141 Desiderari
744 3100 833 3143 voces
847 3077 970 3162 aliquot
990 3091 1063 3161 pnto
1090 3093 1120 3143 te
1140 3105 1271 3165 mecum,

193 3170 300 3246 lector,
322 3167 501 3251 perspicere.
542 3163 601 3224 Sed
622 3163 773 3224 defectum
794 3183 863 3224 enm
884 3184 902 3223 a
922 3161 1010 3224 nobis
1029 3166 1099 3226 satis
1120 3166 1273 3248 expletum

191 3271 290 3337 spero.
335 3249 461 3313 lacobus
482 3249 653 3325 Gramma,
674 3246 766 3307 homo
786 3247 934 3308 societatis
953 3257 1085 3327 nostrae,
1113 3252 1199 3311 cuivs
1221 3272 1272 3313 ex-

193 3347 274 3399 stant
296 3334 406 3417 ingenii
435 3341 647 3403 monumenta,
667 3350 686 3389 a
708 3349 771 3411 qno
790 3350 839 3390 me
859 3328 942 3390 lideli
955 3410 958 3415 ν
971 3328 1063 3413 opera
1088 3331 1273 3416 consilioque

192 3422 224 3482 in
247 3419 295 3482 his
317 3412 470 3480 laboribus
488 3414 561 3474 meis
581 3432 795 3495 saepenumero
817 3412 955 3473 adiutum
976 3424 1007 3474 et
1026 3412 1064 3473 ad
1082 3416 1159 3476 istuc
1185 3439 1273 3499 prae-

193 3503 309 3566 clarum
330 3520 406 3581 opus
426 3494 640 3558 maturandum
660 3498 819 3556 incitatum
844 3516 906 3556 non
938 3514 1061 3577 possum
1080 3501 1156 3598 puin
1176 3501 1273 3561 conli-

193 3597 269 3664 tear,
280 3594 380 3646 totum
400 3580 500 3641 locum
520 3578 769 3661 sicintegrabat:
805 3574 878 3650 τούς
896 3577 929 3653 ἒξ
950 3574 1057 3677 ὀργῆς,
1074 3602 1095 3659 η
1111 3599 1192 3655 τινος
1211 3582 1273 3644 τῶν

193 3666 341 3730 τοιούτων
361 3653 557 3746 πράττοντός
575 3682 617 3737 τι,
641 3657 720 3741 μήθ’
739 3648 784 3721 ὧν
807 3659 949 3739 λέγουσι,
978 3659 1058 3739 μηθ’
1084 3650 1130 3724 οἷν
1155 3663 1274 3742 δρῶσιν

194 3748 230 3813 ἓν
247 3754 312 3821 τοῖς
331 3748 388 3829 τῆς
408 3743 551 3824 ταραχῆς
570 3746 690 3824 καιροῖς
705 3741 935 3823 παρακατέχειν
956 3738 1013 3821 τὴν
1028 3742 1153 3826 μνήμην
1169 3745 1272 3828 δῆλον.

194 3833 275 3896 Nam
297 3828 373 3893 illud
395 3834 480 3901 τοῖς,
506 3825 638 3907 primum
658 3827 804 3904 verbnm,
825 3827 987 3886 consistere
1010 3846 1079 3886 cum
1099 3829 1274 3907 παρακατέ-

193 3935 265 3996 xus
283 3937 345 3976 non
364 3931 468 3995 posse:
492 3908 543 3969 eui
562 3911 715 3970 aasentior.
742 3908 798 3970 Est
817 3919 918 3973 autem
938 3910 1085 3972 sententia
1103 3915 1271 3982 soricina.

195 3999 333 4061 Affectus
353 3999 433 4058 enim
451 3992 628 4076 impotentia
647 3989 775 4054 nebulas
793 3993 888 4054 menti
908 3990 1064 4074 offundit,
1094 4006 1129 4056 ut
1149 4015 1272 4056 cernere

195 4083 270 4164 qnid
291 4090 371 4162 agat,
396 4079 485 4155 dicat,
504 4097 567 4136 non
586 4086 688 4157 queat.
715 4095 846 4141 roualt.

142 4212 145 4217 .
259 4163 398 4245 Pugio,
411 4180 461 4224 aa.
479 4160 661 4221 Lethaeis
678 4157 889 4220 volvendis
902 4160 1016 4240 aquis
1029 4161 1272 4241 permittens.
