2900 4676
408 260 464 325 ao
497 254 779 331 cauttcuzutt
810 258 887 319 na.
919 258 958 319 n.
1145 227 1221 315 501

150 434 238 497 goras
263 411 316 483 lib.
344 435 391 476 rt.
413 435 485 477 suae
504 413 658 490 historiae,
678 411 731 472 sed
749 411 856 490 aliter,
875 431 966 495 quam
986 408 1224 473 Cantacuaenus.

148 499 197 557 De
215 497 362 579 dogmatis
384 501 464 558 enim
483 496 561 556 nihil
585 507 686 556 actum
708 497 802 557 tradit
826 496 868 556 ob
889 495 1083 578 praesentiam
1103 495 1226 573 imperi·

148 589 198 639 tac
217 581 440 654 multitudinis,
471 590 537 640 tum
563 598 604 638 ne
632 577 800 659 theologiae
826 578 969 660 mysteria
988 576 1121 658 profanis
1142 576 1225 659 vulga

147 662 273 724 auribus
293 665 513 746 ingererentur,
534 673 600 721 tum
622 682 661 721 ne
683 661 837 739 Palamas,
850 673 953 721 contra
975 660 1146 741 disputante
1155 659 1225 718 Bar-

146 741 258 824 laamo,
272 742 478 829 'blasphemae
505 744 660 805 doctrinam
689 746 932 804 convinceretur.
974 745 1044 821 Quo
1077 743 1225 823 Gregotas
1275 808 1283 813 ,

146 826 290 907 insinuat,
320 830 351 890 id
379 830 492 910 gratiae
512 825 654 887 Palamae
680 826 786 889 datum
816 848 833 887 a
855 827 962 908 synodi
982 824 1168 906 praesidibus
1192 837 1223 886 et

143 910 290 990 putribus.
331 911 506 991 Utcumque
531 913 590 982 sit,
619 907 677 968 hoc
699 920 815 971 certum
831 909 982 992 litiumque
1004 917 1131 980 maneat,
1153 929 1222 968 seu-

144 993 267 1053 tentiam
289 992 372 1054 illam
395 993 502 1075 synodi
531 991 705 1053 delumine
731 992 912 1069 Thebano,
945 994 1031 1073 quasi
1055 992 1221 1051 increatum

142 1085 174 1135 et
193 1077 289 1157 ipsum
311 1076 448 1137 naturaie
469 1075 526 1134 Dei
546 1074 648 1135 lumen
673 1076 782 1151 luerit,
802 1077 924 1156 penitus
947 1073 1052 1136 l'alsam
1072 1093 1151 1149 esse,
1181 1095 1221 1134 ue

141 1161 216 1239 quid
238 1162 360 1239 gravius
376 1158 488 1229 dicans,
508 1168 685 1238 rectequea
708 1156 878 1235 barlaamo,
894 1158 1065 1239 Acindyno,
1085 1156 1221 1236 Gregara

66 1314 71 1325 ,
140 1239 266 1323 aliisque
287 1241 425 1321 plurimis
447 1239 607 1323 explosam,
624 1239 812 1322 profligatam
833 1252 863 1300 et
885 1242 1029 1301 acerrime
1048 1238 1218 1315 refutatam,

139 1342 202 1383 non
226 1323 366 1385 obstante
386 1323 478 1384 huius
505 1322 686 1383 schismatici
703 1322 903 1384 conventiculi
929 1324 1071 1384 decreto:
1091 1342 1160 1380 uam
1185 1333 1219 1380 ut

139 1404 354 1486 dictitarem,
383 1406 457 1467 haec
475 1405 536 1467 duo
556 1416 732 1491 argumenta
754 1405 902 1466 Barlaami
920 1417 950 1466 et
971 1406 1123 1484 Gregorae
1139 1402 1217 1462 alio·

140 1488 372 1570 rumque-clara
396 1499 467 1550 suut
486 1498 516 1548 et
535 1488 697 1548 evidentia.
741 1488 842 1564 illud,
874 1488 956 1568 quod
983 1487 1078 1547 oculis
1107 1505 1217 1565 corpo·

137 1570 196 1630 reis
216 1572 314 1631 visum
344 1582 402 1649 est,
423 1591 483 1631 noo
506 1580 552 1630 est
581 1572 767 1632 increatum:
808 1569 911 1630 lumen
937 1570 1123 1630 Thaborium
1147 1588 1215 1627 cors

180 1653 238 1715 reis
260 1652 354 1714 oculis
375 1675 394 1714 a
416 1651 569 1734 discipulis
591 1656 690 1713 visum
713 1664 777 1732 est,
798 1675 869 1735 ergo
890 1654 1056 1713 increatum
1077 1671 1138 1711 noo
1159 1661 1214 1710 est.

155 1736 178 1795 l.
200 1736 356 1818 Quidquid
378 1735 471 1796 oculis
490 1737 640 1817 corporeis
660 1736 757 1797 visum
778 1749 831 1813 est,
854 1746 988 1796 creatum
1011 1745 1069 1810 est,
1094 1734 1215 1793 Lumeo

137 1816 324 1879 Tbahorium
346 1817 441 1880 oculis
459 1819 608 1899 corporeis
632 1819 730 1878 risum
750 1829 806 1897 est,
828 1839 899 1900 ergo
919 1829 1052 1878 creatum
1072 1823 1127 1877 'est
1162 1815 1213 1876 Ad

133 1896 207 1959 haec
230 1912 405 1981 argumenta
432 1899 576 1961 exclamat
602 1899 779 1961 Philotheus
808 1901 976 1982 patriarcba
997 1900 1076 1998 libum
1093 1900 1216 1959 decimo

132 1984 588 2081 quarto‘contrauGrugorame=
604 1977 653 2045 iod
663 2030 674 2060 ‚
704 1980 755 2043 iod
766 2030 775 2060 ,
797 1981 853 2043 noi
871 1984 919 2055 τίς
937 1985 1006 2077 aar:
1027 1981 1076 2062 αρ’
1096 1976 1219 2051 ἐκεῖνός.

131 2061 407 2126 matronalem
439 2062 478 2127 rai
499 2085 592 2125 καινα
618 2064 714 2126 cauri
734 2063 831 2142 λέγων
866 2065 920 2125 καὶ
943 2084 1022 2143 προς
1054 2058 1129 2132 τούς
1162 2061 1210 2121 ἐπ’

132 2135 228 2224 ὅρους
246 2143 386 2228 toqtot,
405 2146 461 2227 τῆς
480 2146 643 2245 {mipoehg
664 2142 757 2245 φηρὶ,
783 2148 912 2241 λαμπρᾷ
931 2146 969 2228 τῇ
979 2145 1073 2245 φωνῇ
1096 2166 1212 2244 eqour-

130 2226 278 2305 τομένονς
299 2227 516 2307 sdayysteaoog
528 2232 649 2306 loyaut,
668 2249 744 2299 τους
766 2227 810 2300 εἰς
830 2248 934 2288 nacor
952 2247 1022 2306 νην,
1045 2245 1211 2289 onocrota-

131 2311 193 2381 κῶς
211 2311 327 2389 λέγειν,
350 2311 535 2383 ἑξελθοντας
552 2308 608 2371 καὶ
627 2305 666 2370 roi
688 2313 806 2389 πέρατα
827 2310 883 2407 τῆς
903 2308 1083 2387 οἰκουμένης
1097 2310 1213 2391 dorae·
1281 2376 1286 2383 ,

130 2392 191 2469 πῆς
213 2391 301 2472 δίκην
319 2385 342 2472 ἢ
360 2395 480 2468 μᾶλλον
504 2391 635 2454 ἀκτίνων
667 2391 806 2474 ἡλιακῶν
828 2414 929 2474 potat
945 2388 1050 2451 acilas
1075 2392 1209 2471 drudpa-

129 2466 256 2550 μόντας,
267 2467 453 2557 ἀμφιβόλως
468 2472 587 2537 οὑτωσὶ
605 2470 660 2536 noi
677 2475 811 2550 ἄμαθώς
832 2470 1025 2551 διακείμενος
1031 2497 1044 2550 ,·
1062 2475 1206 2537 Cetemm

128 2555 202 2616 haec
225 2577 308 2618 mesu
338 2557 430 2618 uerba
451 2569 540 2635 aaut,
565 2570 600 2619 ut
619 2570 653 2621 et
671 2558 754 2633 alia,
772 2578 851 2639 quae
869 2560 965 2619 tribus
985 2556 1071 2618 libris
1091 2560 1131 2620 de
1147 2559 1207 2620 boc

131 2636 243 2699 lumine
266 2636 420 2700 Thaborio
440 2640 617 2702 Philotheus
639 2643 781 2703 disserit:
806 2644 857 2722 qui
880 2640 952 2700 libri
972 2643 1005 2701 in
1025 2638 1208 2705 bibliotheca

130 2721 271 2783 bovarico
293 2734 483 2783 asservantur
509 2746 571 2783 uua
592 2745 661 2784 oum
689 2723 756 2783 aliis
786 2723 945 2783 duodecim
967 2734 1070 2783 contra
1091 2727 1205 2805 Grego-

129 2824 193 2864 ram
217 2806 255 2866 de
274 2804 626 2867 distinctiooe'essentiae
645 2818 676 2867 et
696 2807 877 2887 operationis
889 2806 1017 2868 «livinae.
1043 2807 1106 2867 Nec
1120 2809 1207 2889 quid

121 2897 220 2966 ‘wana
241 2887 279 2948 ad
300 2887 479 2950 solutionem
508 2901 754 2971 argumentorum
777 2888 899 2949 iaciunt.
940 2891 1102 2949 immotum
1122 2894 1205 2951 enim

126 2979 185 3029 stat
206 2962 292 3030 illud
302 2971 532 3034 fundamentum
551 2982 582 3032 ct
606 2977 689 3033 omui
709 2994 742 3032 ex
755 2982 841 3052 parte
855 2975 1085 3032 inconcussum:
1108 2974 1209 3052 Quid·>
1291 3042 1296 3049 ,

126 3052 275 3133 quidest,
301 3054 333 3113 id
355 3066 408 3115 aut
427 3055 510 3114 Deus
531 3066 587 3132 est,
611 3068 663 3117 aut
682 3066 829 3116 creatura.
872 3055 904 3113 si
925 3056 1020 3130 Deus,
1046 3076 1106 3114 nan
1130 3068 1203 3139 ergo

125 3133 218 3195 oculis
238 3138 392 3218 corporeis
410 3138 608 3218 conspicitur3
629 3140 654 3200 si
675 3149 823 3209 creatura,
847 3159 907 3196 non
931 3158 1000 3218 erga
1023 3138 1199 3200 increatum.

206 3218 270 3278 Nec
283 3220 404 3279 maioris
423 3222 513 3300 pretii
531 3232 603 3281 suat
622 3220 756 3282 eiusdem
776 3219 929 3283 Philothei
949 3222 1098 3281 orationes
1112 3223 1199 3298 duae,

124 3320 197 3380 quas
216 3298 272 3382 legi
293 3304 323 3361 in
337 3303 541 3384 manuscripto
552 3304 655 3366 codice
673 3302 875 3363 bibliothecae
891 3302 1096 3383 Augustanos,
1117 3305 1201 3366 obla·

124 3391 171 3443 tae
191 3384 308 3465 synodo
329 3396 436 3446 contra
461 3384 673 3470 Acindynom‚
702 3385 740 3446 de
769 3407 830 3467 qua
859 3395 964 3468 postea
989 3391 1113 3448 nomine
1137 3388 1203 3447 cair

123 3464 308 3545 ἀγιωρετόν,
334 3467 550 3529 monachorum
572 3472 605 3531 in
624 3479 851 3531 montesancto
883 3471 943 3549 (sic
963 3470 1043 3528 enim
1064 3484 1200 3532 montem

121 3545 204 3608 Atho
224 3555 355 3627 vocant)
372 3550 562 3632 degentium,
591 3575 669 3635 quas
692 3551 882 3628 Philotheus,
905 3572 974 3611 eum
998 3551 1098 3615 adbuc
1119 3556 1203 3617 inter

121 3630 284 3693 monachos
304 3631 370 3692 illos
391 3654 500 3694 nomen
521 3654 607 3696 suum
628 3635 830 3717 profiteretur,
850 3646 1071 3712 composuerat,
1095 3649 1130 3697 ut
1148 3640 1196 3698 di-

119 3712 198 3770 citur
216 3716 247 3772 in
268 3715 355 3776 Actis
376 3717 485 3798 synodi
505 3730 632 3799 quartae
648 3717 708 3778 sub
726 3718 944 3779 Cautaeuzeoo.
987 3715 1057 3779 Alia
1079 3721 1118 3780 de
1140 3743 1190 3782 eo·

118 3792 188 3853 dem
212 3809 388 3877 arqrrmeato
410 3801 507 3859 oratio
537 3810 632 3862 exstat
658 3801 688 3859 in
710 3799 815 3860 eodem
835 3799 956 3867 codice,
986 3812 1109 3862 auctore
1130 3826 1194 3867 mo-

118 3876 220 3936 nacho
234 3881 365 3959 quodam
389 3880 664 3959 Thessalonicensi‚
708 3882 760 3941 sed
788 3882 919 3941 eiusdem
948 3901 1070 3961 prorsus
1092 3899 1191 3959 notae,

117 3956 179 4018 hoc
199 3970 254 4033 est,
277 3963 411 4038 nullius,
433 3974 486 4024 aut
506 3965 688 4043 delicatius,
710 3962 815 4025 malae
858 3965 960 4024 Citant
980 3967 1027 4025 isti
1049 3978 1079 4028 et
1100 3969 1193 4029 dmiso

115 4041 235 4118 agmine
255 4044 459 4141 agqlomerant
478 4047 558 4108 dicta
578 4060 750 4110 sauctorum
767 4058 900 4127 patrum,
920 4067 999 4129 quae
1019 4046 1088 4110 oon'
1104 4054 1192 4113 intel-

113 4122 226 4207 ligunt,
246 4147 331 4210 quta,
352 4130 380 4191 si
398 4128 606 4214 intelligerent,
627 4152 690 4193 non
711 4129 904 4193 adducerent.
948 4129 1072 4193 Certum
1097 4134 1191 4218 siqui·
