2978 4678
451 320 507 382 au
539 315 813 383 csurscuasur
841 320 918 379 un.
939 321 964 379 1.
1163 289 1240 377 381
1271 384 1276 395 ³
1355 340 1361 357 ·

149 517 152 523 1
181 464 255 548 nes,
278 471 329 554 qui
349 471 391 531 dli
410 492 473 533 nan
493 481 581 545 sunt,
599 469 861 546 accommodatur,
892 466 1093 551 dicantuique
1111 476 1247 551 nonore-

180 555 322 629 retodnr,
353 555 491 630 adorari,
514 554 546 615 id
566 563 611 614 est
637 552 780 632 singulari
821 551 930 612 nodam
950 558 1160 630 veneratione,
1179 576 1246 616 σου·

178 655 251 716 pore
275 636 314 695 sd
346 647 457 698 terram
477 637 645 716 incurvato,
658 636 754 709 ellici.
799 574 950 695 laniunt
969 637 1096 718 petimus
1117 649 1245 716 unum,

178 721 278 800 inquit
297 719 414 781 Aeneas
434 722 465 780 5.
490 718 615 785 Aeneid.
656 720 755 797 Quem
773 716 917 777 adorandi
936 716 1060 780 modum
1080 728 1112 779 et
1130 729 1246 799 gutum

179 803 322 883 expressit
353 799 554 884 pulcherrime
588 800 820 878 Themistocles,
847 800 920 859 dum
955 820 1054 881 regem
1086 801 1247 865 Persarum

179 906 235 968 per
258 883 476 947 simulationem
496 885 644 946 adoravit.
673 881 842 945 ‘Anaulum
863 884 944 942 enim
964 882 1070 945 endere
1089 887 1245 965 permisit:

222 986 270 1028 em
300 989 369 1028 cum
390 989 421 1029 se
443 967 589 1028 inclinans
619 966 764 1040 levasset,
794 968 875 1026 visus
895 975 938 1026 est
959 985 1014 1025 sno
1033 986 1157 1029 munere
1178 989 1248 1049 per·

180 988 309 1113 Mucius.
349 1051 460 1112 Noster
480 1071 600 1132 quoque
621 1053 692 1111 satis
715 1048 794 1110 clere
815 1046 894 1108 libro
916 1069 946 1107 a.
967 1068 1032 1128 esp.
1046 1049 1093 1126 5.,
1112 1049 1165 1111 ubi
1184 1052 1248 1113 Te-

179 1133 367 1208 rnerchanes,
382 1133 446 1193 Phr
467 1135 530 1214 giee
544 1144 681 1215 setrnpa,
698 1132 737 1191 ad
756 1135 965 1213 imperatorem
985 1133 1080 1191 venit.
1119 1131 1245 1197 Namde

179 1219 243 1278 eius
262 1215 422 1276 comitibus
442 1155 564 1292 l'ersis,
586 1209 616 1273 οἳ
633 1213 691 1292 μὲν
710 1204 801 1274 ἄλλοι
819 1209 932 1284 πάντες
963 1199 1089 1273 ὄπισθεν
1113 1208 1167 1275 τὸν
1187 1217 1247 1293 βα..

177 1299 267 1359 oeldo
301 1293 526 1376 προσεκύνουν,
554 1291 614 1368 τοὶς
640 1290 779 1378 κεφαλὰς
810 1290 983 1375 ἐρείσαντες
1011 1290 1066 1356 snt
1090 1289 1146 1375 τήν
1178 1299 1247 1376 γῆν.

175 1382 236 1442 Ista
257 1379 392 1441 adoratio
420 1380 511 1440 stiam
541 1379 630 1440 hodie
653 1378 787 1441 barbaris
814 1380 845 1437 in
865 1397 948 1437 more
969 1388 1022 1444 cst.
1062 1377 1131 1439 Non
1155 1380 1246 1461 igitur

176 1463 306 1526 verebor
327 1466 511 1549 npooxaret'r
540 1482 687 1548 exponere
715 1462 864 1541 αιίοναιυ,
885 1479 961 1524 cunr
982 1482 1029 1523 res
1052 1471 1115 1523 tam
1142 1475 1245 1547 aperta

175 1550 223 1610 sit.
264 1567 393 1611 ronrsr.

259 1631 339 1712 Pag.
358 1651 412 1705 na,
439 1650 466 1691 r.
487 1622 677 1711 πραγμάτων
697 1650 756 1696 om.
777 1629 822 1692 M.

258 1712 338 1795 Pag.
365 1734 415 1793 as,
436 1712 469 1775 6.
491 1709 735 1776 κινδυνεύσαντα
754 1715 799 1778 Μ.

259 1795 337 1877 Peg.
361 1817 413 1873 aa,
435 1795 467 1857 8.
490 1790 551 1871 ἔξω
571 1799 615 1862 Μ.
1210 1840 1214 1850 ·

257 1878 336 1960 Peg.
361 1879 411 1953 ss,
434 1878 465 1938 5.
488 1893 654 1940 nostra
676 1879 1046 1965 Romanorumque
1072 1881 1244 1941 omniurn

174 1962 366 2026 admissa.
416 1958 474 2020 'Ad
499 1958 600 2023 locam
639 1960 729 2022 Pauli
767 1961 875 2023 alludit
913 1964 1015 2028 Actor.
1039 1981 1087 2045 ιγ.
1113 1964 1145 2023 ia
1170 1984 1244 2024 con·

173 2047 259 2105 cione
290 2042 330 2103 sd
349 2041 569 2125 Areopagitas:
604 2038 680 2115 τούς
709 2041 770 2120 μὲν
799 2034 858 2107 οὖν
885 2044 1021 2123 χρόνους
1044 2044 1100 2123 τῆς
1120 2035 1244 2124 ἆγνοίας
1353 2115 1354 2119 p

170 2119 330 2203 ὑπεριδών
350 2117 367 2184 o‘
388 2119 471 2196 dede.
513 2126 674 2208 Subiungit
693 2137 817 2203 noster,
846 2120 901 2205 τὴν
920 2123 1054 2206 καρδίαν
1071 2125 1125 2188 τοῦ
1151 2129 1244 2204 βασι-

170 2208 249 2281 λέως
269 2205 400 2269 εὐθεῖαν
420 2202 692 2288 ἀπεργασάμενος,
714 2207 768 2269 ubi
788 2208 881 2269 alium
900 2206 1000 2269 locum
1021 2209 1052 2266 in
1065 2218 1165 2269 mente
1186 2208 1243 2269 ha·

171 2290 269 2366 buit,
292 2292 344 2371 qui
371 2300 417 2352 est
434 2290 538 2354 Actor.
549 2290 581 2351 8.
623 2289 673 2351 sic
704 2292 784 2352 enirn
812 2300 931 2350 sauctus
950 2290 1060 2350 Petrus
1080 2290 1119 2351 ad
1144 2290 1266 2351 Simo-⁴

171 2393 264 2450 nem,
284 2371 387 2433 oblatu
398 2376 525 2454 pecuMa
544 2392 599 2456 per
615 2390 759 2438 manuum
772 2373 988 2453 impositionem
1007 2372 1136 2453 Spiritus
1148 2376 1244 2436 sancti

171 2456 413 2517 communicandi
436 2456 689 2535 potestatemsibi
706 2455 828 2517 concedi
850 2465 1020 2536 petentemr
1043 2449 1142 2536 ἡγὰρ
1165 2473 1242 2536 seps

169 2534 229 2598 δία
246 2555 305 2599 σου
326 2533 382 2598 οὐκ
401 2531 486 2598 ἔστιν
507 2535 622 2599 εὐθεῖα
638 2531 770 2599 ἐνώπιον
794 2537 881 2599 θεοῦ.
921 2537 990 2598 Non
1018 2540 1097 2599 enim
1123 2550 1243 2600 seuten-

13 2616 22 2653 7
111 2671 129 2699 s
146 2620 223 2680 otiis
246 2619 337 2680 modo
361 2621 483 2702 integris
502 2620 671 2682 dIvinarum
691 2618 857 2681 litterarum
870 2621 1072 2695 insumendis,
1087 2622 1140 2683 sed
1154 2625 1243 2684 edam
1271 2608 1278 2625 ’

172 2703 263 2762 unico
287 2700 382 2763 verbo
410 2702 515 2763 iisdem
547 2703 733 2764 insinuandis
762 2704 986 2765 Cantscuaenus
1008 2703 1136 2787 gaudet:
1160 2705 1244 2786 quod

170 2796 220 2862 te,
238 2785 365 2861 Lector,
385 2783 434 2846 bic
451 2787 637 2866 potissimum
653 2786 799 2847 monitum
819 2784 913 2847 volui.
942 2786 1020 2848 Suae
1032 2788 1242 2869 peritissimum

172 2888 274 2929 senae
292 2869 456 2951 scripturae
474 2869 588 2949 fuisse,
609 2878 690 2929 extra
710 2866 837 2929 dubium
856 2878 910 2931 est.
929 2889 1055 2933 norrun.

251 2952 333 3033 Pag.
356 2953 407 3025 ab,
429 2950 461 3012 8.
486 2947 546 3025 τοὶς
563 2962 642 3012 recte
660 2949 733 3012 add.
755 2953 801 3012 Μ.
820 2960 891 3013 ante
908 2944 1052 3035 χάριτος.

252 3035 332 3116 fag.
354 3035 406 3113 οὔ,
431 3053 475 3112 ¹7·
495 3028 569 3106 τούς
589 3027 700 3113 λόγους
720 3045 801 3097 recte
825 3036 871 3100 Μ.

251 3119 329 3200 Pag.
351 3120 402 3193 23,
429 3114 475 3183 18.
495 3114 548 3176 δεῖ
563 3118 607 3177 Μ.
631 3138 763 3200 quoque.
796 3118 900 3179 Recte.
1138 3156 1141 3169 ·

251 3201 328 3282 Peg.
351 3200 404 3277 οδ,
426 3219 478 3260 οι.
500 3198 779 3285 Adrianopoli.
815 3199 1004 3262 Orestisdem
1024 3209 1110 3261 antea
1129 3199 1239 3265 dictem

168 3282 246 3347 hanc
259 3283 376 3360 urbem,
391 3281 514 3364 quidam
530 3293 664 3345 sudores
683 3294 765 3345 sunt.
779 3282 1045 3344 SolebantSultani
1058 3284 1178 3344 Tureiei
1190 3304 1238 3347 re·

167 3387 261 3446 gnum
271 3367 419 3449 auspicari
434 3367 466 3425 iu
480 3386 516 3426 ea
527 3367 745 3450 civitate,quse
757 3366 841 3427 sedes
855 3375 930 3426 esset
940 3366 1066 3447 imperii.
1083 3366 1238 3449 Principio

167 3450 275 3512 Tuscis
296 3453 393 3532 (capta
412 3446 667 3532 Constantinopoli
687 3446 837 3523 videlicet)
864 3448 922 3509 fuit
942 3446 1039 3509 Prusa
1057 3448 1237 3533 Bithyniae,

26 3530 34 3553 ²
103 3588 105 3593 ,
166 3531 259 3674 paulo
286 3541 509 3595 artemonem
535 3533 674 3593 Osmsnis
699 3532 739 3594 eb
765 3530 910 3594 Urchsue
939 3530 1001 3592 filio
1030 3544 1137 3613 capta,
1159 3554 1237 3614 quse

22 3614 26 3625 ”
179 3618 237 3677 icet
267 3615 415 3679 bonorem
442 3613 524 3675 bunc
553 3636 615 3675 non
647 3615 700 3676 diu
728 3617 876 3692 retinuit,
910 3635 944 3674 cx
975 3614 1100 3695 pristina
1135 3627 1236 3683 tamen

164 3703 371 3839 praerogativa
399 3699 530 3773 meruit,
560 3709 595 3758 ut
622 3694 785 3781 longissimi
820 3695 963 3778 temporis
992 3699 1088 3777 spatio
1117 3697 1236 3764 Sultani

197 3802 335 3844 orcarum
354 3780 488 3856 mortui,
507 3782 638 3860 paternis
658 3791 688 3842 et
707 3780 795 3841 avitis
816 3780 882 3840 istic
901 3781 1122 3858 monumentis,
1145 3785 1237 3847 edam

166 3859 220 3922 diu
234 3876 299 3944 post
313 3876 431 3948 captam
443 3862 743 3944 Constantinopolim,
759 3862 948 3923 inferrentur.
968 3862 1133 3945 Postquam
1153 3886 1237 3944 vero,
1330 3924 1335 3933 ,

165 3952 341 4009 transvectis
361 3951 392 4008 in
413 3947 567 4026 Europum
586 3948 836 4028 copiis,Murates
849 3946 885 4023 l.,
898 3944 1044 4006 Urebanis
1064 3947 1237 4024 F.,0sma·

46 4104 47 4113 ρ
164 4029 214 4088 nis
234 4028 286 4105 N,
296 4028 544 4111 Hadrianopolim
562 4032 705 4109 cepisset,
726 4029 831 4090 eodem
850 4039 881 4090 et
900 4030 984 4110 regni
1003 4029 1087 4091 sedes
1107 4051 1142 4089 ex
1162 4032 1236 4092 Asis

168 4108 377 4192 commigrasse
396 4113 535 4189 videtur,
549 4112 630 4193 quod
649 4123 728 4173 recte
743 4133 774 4172 se
796 4111 927 4174 lecturos
944 4111 1061 4175 Sullani
1081 4113 1234 4186 ducerent,

166 4195 192 4255 si
213 4192 305 4255 reims
327 4195 491 4257 Anatolicis
512 4197 572 4257 ism
593 4193 870 4278 tranquillioribus,
900 4197 1091 4278 praecipuum
1111 4194 1235 4260 militiae
