2900 4676
398 311 455 375 sn
484 308 763 377 etruscorum
792 314 867 381 un.
897 316 939 375 u.
1124 287 1212 400 499

134 462 302 527 bliothecae
322 462 531 527 manae
571 460 691 522 Prodiit
715 482 778 524 non
805 461 848 524 ita
872 460 990 545 pridem
1019 462 1144 529 Parisiis
1164 465 1213 529 lo·

135 548 241 627 gistica
270 549 335 608 eins
364 567 415 607 sex
443 546 530 607 libris
560 545 776 625 comprehensa
802 547 964 628 interprete
993 548 1125 629 quodam
1148 550 1212 610 An·

135 628 197 710 glo.
239 630 276 693 ln
295 630 474 691 Latinorum
492 626 617 689 ecclesia
639 628 806 691 orthodoxe
835 629 1004 707 educatus,
1035 633 1155 693 transiit
1174 633 1214 695 ad

135 711 266 775 schism
289 713 489 789 Graecorum,
506 732 560 772 seu
581 730 655 772 vero
674 732 727 772 seu
749 709 889 772 simulato
909 712 1027 785 animo,
1059 724 1136 775 teste
1156 704 1215 775 no·

134 806 198 857 atro
221 795 427 857 Cantacuaeno
459 804 490 854 et
523 792 686 855 Philotbeo
706 793 876 875 patriarcba
903 794 1214 878 Constantinopolita-

134 876 967 1021 ttlltilltdb'i’rtttlbtl‘ttlllt
982 880 1216 1027 it‘tttl‘:

136 1043 257 1105 divinae
276 1045 407 1125 scripsit,
427 980 556 1103 matellae
581 1039 636 1103 lib.
660 1062 706 1109 ια.
749 1043 852 1121 Quare
874 1043 913 1103 ab
933 1042 996 1121 his,
1027 983 1092 1125 qdlie
1100 1044 1214 1107 catalo-

136 1147 189 1208 gos
209 1130 390 1209 scriptorum
417 1125 599 1202 ediderunt,
625 1123 798 1186 reseruntur
824 1124 972 1186 Barlaami
999 1146 1150 1190 ammones
1178 1129 1217 1191 de

136 1212 325 1290 processione
344 1211 438 1270 sancti
466 1208 616 1288 Spiritus,
648 1210 841 1290 primatuque
859 1208 1008 1289 pontilicis
1030 1221 1136 1271 contra
1156 1212 1217 1274 La·
1263 1230 1273 1236 ·

134 1295 226 1367 tinos,
247 1312 337 1374 quos,
358 1300 393 1353 ut
412 1291 540 1374 gratiam
559 1291 714 1352 aGraecis
734 1294 836 1367 iniret,
857 1289 1029 1373 evulgavit,
1056 1291 1218 1355 Thessalo·

135 1370 1219 1540 tbttlffltttnlltdlttltlltttdtttttattti

138 1541 232 1603 sivit'r
255 1539 368 1622 inqua
391 1560 462 1601 cnm
484 1538 581 1599 multa
608 1542 771 1623 reperiret,
799 1561 879 1621 quae
904 1538 1060 1622 probanda
1086 1548 1116 1601 et
1140 1541 1219 1603 tole·

138 1624 234 1683 randa
254 1643 318 1685 non
344 1621 541 1700 viderentur,
574 1619 709 1704 linguam
735 1622 856 1704 publice
885 1624 917 1682 in
946 1621 1068 1684 circulis
1094 1632 1126 1684 et
1145 1644 1219 1686 con·

133 1704 287 1781 ventibus,
307 1705 516 1787 calamumque
537 1705 570 1765 in
588 1708 712 1769 Musaeo
738 1705 882 1767 adversus
901 1703 1065 1766 monachos
1085 1726 1219 1771 emerere

140 1792 294 1869 coeptum
314 1809 376 1849 non
398 1788 633 1871 longotempore
652 1789 754 1849 omnia
774 1790 845 1851 rixis
859 1799 890 1848 et
910 1786 1091 1849 tumultibus
1111 1790 1219 1871 imple-

137 1873 185 1932 uit
216 1875 409 1952 Graecosque
439 1870 573 1951 exemplo
595 1870 797 1943 condecuit,
825 1871 996 1954 transfugas
1015 1881 1046 1932 et
1069 1883 1219 1953 apostatas
1324 1866 1329 1873 ’

137 1952 318 2035 plerumque
337 1955 442 2015 turbas
460 1956 538 2014 ciere
556 1955 649 2013 etiam
676 1953 758 2034 apud
778 1952 865 2031 illos,
895 1953 935 2014 ad
958 1973 1034 2035 quos
1053 1956 1218 2037 transfugi-

137 2046 205 2115 unt,
223 2056 282 2097 nec
301 2033 473 2096 consultum
494 2055 569 2111 esse,
590 2045 626 2096 nt
645 2036 740 2097 cuivis
763 2035 841 2096 sores
862 2056 978 2117 semper
997 2045 1136 2117 pateant.

219 2118 334 2179 Utrum
353 2130 468 2194 autem,
488 2116 571 2199 quod
585 2118 626 2179 ad
646 2139 744 2179 mores
764 2129 794 2181 ct
813 2122 908 2181 vitam
930 2120 1056 2195 attinet,
1080 2116 1220 2179 Bnrlaam

138 2200 294 2267 monachis
318 2200 377 2265 illis
398 2203 541 2261 iniuriam
560 2200 676 2277 lecerit,
698 2199 730 2261 id
743 2199 951 2261 Cantacuzeno
970 2199 1055 2261 dictu
1073 2221 1221 2281 perquam

138 2284 226 2346 facile
245 2295 300 2361 est,
320 2294 355 2345 ut
374 2295 405 2346 et
425 2280 605 2357 Philotheo,
627 2283 680 2364 qui
700 2282 867 2345 monachos
886 2281 955 2343 illos
977 2281 1091 2365 prolixa
1115 2281 1221 2365 apolo-

138 2369 189 2449 gia
208 2377 333 2457 tueturq
362 2378 395 2428 at
416 2386 478 2426 non
499 2385 593 2447 aeque
613 2365 700 2426 aliis:
752 2386 790 2426 ua
810 2366 891 2427 enim
920 2367 1002 2426 vitae
1021 2368 1218 2427 sanctimonia

138 2452 317 2510 enituissent
340 2448 399 2526 illi,
431 2449 484 2531 qui
516 2449 683 2531 pernicioso
710 2469 741 2509 sc
766 2451 871 2510 ‘amate
901 2448 941 2509 ab
966 2447 1110 2523 amieria,
1143 2468 1216 2525 una,

139 2543 261 2609 sancta,
291 2530 439 2593 catholica
471 2541 501 2592 et
520 2528 681 2612 apostolica
712 2530 846 2593 alnunmi
876 2542 907 2592 et
932 2533 1078 2615 segregati
1104 2536 1219 2593 erant?

139 2613 234 2676 Nulla
256 2617 397 2675 sanctitas
416 2623 499 2674 extra
519 2614 672 2675 ecclesiam
692 2625 838 2691 sanctam,
859 2623 912 2675 aut
935 2616 960 2675 si
980 2635 1057 2697 quae
1069 2624 1126 2693 est,
1146 2635 1220 2677 vera

139 2717 203 2761 noa
225 2708 282 2774 est,
305 2697 403 2758 fucata
424 2708 479 2758 est.
519 2697 556 2756 ln
576 2718 654 2779 quae
673 2698 747 2759 vitia
778 2717 840 2758 non
860 2698 1072 2779 praecipitetur
1096 2698 1135 2772 is,
1166 2700 1220 2780 qui

140 2782 272 2842 caritatis
293 2791 323 2842 et
343 2779 521 2842 concordiae
541 2800 664 2861 expers,
691 2800 747 2862 per
773 2779 842 2841 avia
862 2791 894 2842 et
920 2781 1002 2841 invia
1022 2779 1220 2840 schismatum

141 2875 281 2946 vagatur,
299 2861 403 2925 relicta
425 2861 478 2923 illa
497 2860 612 2945 plana,
642 2864 713 2923 trita
742 2871 774 2923 et
792 2862 874 2944 regia
897 2862 1060 2924 catholicae
1079 2861 1221 2924 ecclesiae

139 2948 216 3008 viai
257 2947 376 3025 Quibus
402 2945 584 3007 daemonum
613 2943 753 3009 ludibriis
773 2955 803 3006 et
833 2945 949 3006 insidiis
979 2946 1129 3028 expositus
1158 2965 1221 3005 non

140 3032 181 3091 sit
199 3027 263 3106 ille,
283 3048 374 3112 quem
393 3031 494 3090 unitas
516 3046 586 3090 curn
606 3049 733 3173 occipere
751 3027 880 3102 Christi,
911 3026 995 3110 quod
1023 3037 1068 3089 est
1087 3026 1221 3103 ecclesia,

140 3130 203 3173 non
224 3115 370 3174 munitet
390 3114 530 3194 protegit,
561 3113 610 3172 cui
678 3113 767 3173 ristus
787 3132 849 3173 non
876 3120 922 3173 est
945 3121 1057 3192 caput,
1087 3120 1118 3170 et
1136 3110 1221 3192 quod

140 3193 214 3256 hinc
233 3198 444 3278 consequitur,
471 3214 527 3257 nec
546 3206 706 3272 tutamen,
740 3196 915 3277 praesertim
940 3195 965 3255 si
993 3192 1034 3254 ad
1054 3192 1222 3255 schismatis

140 3277 255 3341 crimen
275 3278 398 3339 accedat
416 3277 642 3360 disciplinarum
662 3278 834 3340 divinarum
863 3288 894 3338 et
911 3275 1115 3337 humanarum
1135 3275 1222 3358 igno·

141 3363 260 3436 rantia,
289 3381 367 3443 quae
388 3363 572 3423 monasticen
596 3361 630 3422 in
658 3361 785 3423 Graecia
811 3358 902 3443 longe
929 3359 1047 3442 lateque
1066 3358 1124 3419 hoc
1143 3369 1223 3419 tem·

141 3460 215 3585 pore
234 3454 417 3526 occuparat:
438 3443 485 3505 his
505 3447 607 3523 enim,
640 3444 665 3507 ai
684 3444 774 3505 dmul
792 3452 995 3520 concurrant,
1022 3461 1108 3502 mans
1128 3441 1223 3502 cuivis

155 3527 337 3588 udfficationi
356 3525 465 3587 habilis
483 3528 632 3589 redditur.
675 3528 746 3605 Quo
766 3527 898 3602 iactum,
919 3537 954 3587 ut
979 3535 1009 3585 et
1028 3526 1079 3586 isti
1099 3518 1223 3603 ἡσυχα-

143 3604 218 3670 orci
246 3630 301 3671 seu
330 3611 516 3692 quiescentes
553 3606 709 3691 (ἡσυχίαν
740 3621 842 3672 autem
879 3607 1040 3691 perfectius
1068 3605 1224 3687 quoddam

143 3695 326 3757 monasticae
344 3694 425 3754 vitae
447 3713 540 3775 genru
564 3692 742 3771 censebant)
771 3712 842 3754 cum
869 3700 923 3751 aut
949 3691 1083 3751 suaviter
1108 3688 1225 3751 dormi-

141 3785 211 3835 rent
231 3787 283 3836 aut
302 3776 501 3837 dormitarent
527 3785 580 3835 aut
600 3775 808 3854 somniarent,
831 3772 952 3835 coelesti
974 3771 1107 3855 quodam
1127 3781 1158 3831 et
1175 3772 1224 3832 di-

142 3857 217 3918 vino
239 3859 292 3939 ips'
350 3859 539 3940 eccrporeis
561 3858 656 3919 oculis
684 3860 846 3939 conspicuo
874 3854 990 3916 lumine
1010 3874 1073 3915 sese
1094 3856 1225 3917 circum·
1318 3926 1322 3931 ⁴

141 3939 231 4001 fundi
257 3958 292 4002 cr
329 3953 436 4004 erent=
466 3939 572 4024 angelo
592 3951 713 4003 munna
742 3943 774 4002 in
806 3938 948 4023 angelum
975 3937 1052 3999 lucis
1072 3957 1104 3999 se
1124 3947 1224 3997 trans-

141 4022 311 4099 formante,
344 4026 433 4108 plane
453 4024 704 4086 Massalianorum
731 4024 793 4084 ritu
817 4035 848 4086 et
868 4023 1028 4099 instituto3
1055 4041 1117 4082 non
1143 4021 1226 4080 enim

142 4107 248 4188 paucis
270 4105 463 4188 quibusdam,
487 4107 540 4170 sed
560 4108 702 4169 omnibus
721 4106 753 4167 in
774 4107 833 4168 boc
852 4107 932 4166 vitae
952 4104 1060 4188 genere
1081 4104 1225 4163 exercita-

141 4190 182 4250 tis
203 4188 236 4250 id
256 4191 378 4253 evenim
404 4191 575 4254 tradebant.
615 4190 707 4273 Quod
735 4189 894 4253 Rarlaamo
924 4187 1085 4271 plusquam
1113 4185 1226 4248 mirum
