2908 4678
176 269 181 279 ’
241 258 323 361 54α
508 336 556 347 ..
618 282 967 351 susurratoris.
1022 330 1059 344 ..

239 455 271 507 et
291 449 383 529 raptu
402 437 517 503 antini
546 440 699 504 humanae
730 453 865 504 naturae.
885 440 929 502 Et
956 458 1018 524 quo
1038 444 1127 521 paeto
1150 445 1325 508 secundnm

238 526 314 602 alia,
349 530 392 587 ita
411 527 502 586 etiam
519 525 684 586 seeundum
706 528 900 609 sapientiam,
933 546 995 607 qua
1014 526 1113 585 Deum
1131 528 1322 607 imitantur,

208 630 212 638 ·
239 612 376 672 homines
396 609 440 669 dii
459 609 561 670 vocari
579 630 635 670 suo
657 610 782 671 modulo
808 619 944 690 possum.
986 608 1067 669 Vere
1085 620 1187 669 autem
1220 617 1325 674 omnis

240 706 344 756 nostru
376 692 483 774 sophia
513 712 575 752 nnn
603 695 662 754 nisi
695 692 885 775 philosophia
914 700 981 770 est,
1021 692 1104 772 quod
1129 692 1323 778 Pythagoras

237 777 377 846 volebat,
396 778 449 858 qni
470 794 501 835 se
520 779 636 857 primus
655 797 718 861 nnn
738 771 852 857 σοφὸν,
872 775 925 835 sed
951 773 1126 856 φιλόσοφον
1165 797 1230 838 esse
1264 781 1324 839 Le-

238 862 305 925 onti
323 859 528 921 Phliasiorum
548 869 678 942 tyranno
696 857 862 942 respondit.
904 858 946 920 Et
956 857 1212 938 quemadmodum
1230 883 1323 924 nemo

238 947 355 1022 bouus,
367 944 425 1003 nisi
437 940 519 1003 solus
533 944 627 1022 Deus,
642 946 685 1005 sie
694 963 782 1004 nemo
792 944 922 1023 sapiens,
936 943 995 1001 nisi
1006 940 1087 1002 solur
1101 942 1204 1019 Deus,
1224 945 1324 1007 idem·
1435 998 1436 1021 ,

238 1050 302 1113 qne
317 1026 500 1108 sapientium
518 1027 579 1087 dux
599 1038 630 1087 et
649 1028 833 1090 emendator.
863 1044 994 1088 rouen.

323 1107 776 1192 Pag.ao,1.Ismaelitis.
816 1109 877 1169 Per
900 1106 1064 1169 ismaelitas
1087 1118 1161 1190 puto
1192 1110 1325 1195 intelligi

241 1195 374 1269 Turres,
402 1195 455 1274 qui
482 1213 553 1255 eum
581 1213 598 1253 e
630 1192 730 1254 Persis
761 1191 901 1270 oriundi,
929 1203 960 1252 et
978 1191 1089 1252 Persae
1108 1193 1148 1252 ab
1170 1194 1327 1274 lsmaele,

240 1300 304 1341 unu
325 1276 466 1339 melesio
490 1273 692 1359 appellantur.
713 1294 843 1341 ronrsn.

326 1359 505 1442 Pag.no,3.
533 1361 744 1421 centesimo
781 1358 984 1424 vicesimo.
1023 1355 1134 1419 Latina
1165 1358 1329 1422 translatio

241 1466 303 1507 nnn
327 1443 420 1504 hahet
438 1442 495 1502 nisi
513 1442 637 1526 triginta
656 1446 766 1525 capita.
806 1441 948 1504 Forsitan
968 1441 1112 1502 sectiones
1131 1446 1261 1511 nomine,
1277 1463 1328 1503 κε-

195 1539 201 1551 ·
243 1526 390 1610 putatior
411 1524 569 1608 iutelligit,
590 1546 720 1608 quarum
739 1528 830 1587 unius
850 1525 920 1587 libri
940 1522 1040 1587 solem
1058 1544 1122 1585 esse
1140 1546 1233 1607 quam
1255 1526 1332 1609 plud

243 1612 361 1685 rimae,
382 1621 417 1669 ut
439 1610 530 1669 etiam
549 1620 672 1671 nostrae
690 1610 835 1671 historiae
850 1616 960 1686 erant,
981 1627 1058 1689 quas
1078 1610 1110 1667 in
1131 1612 1231 1691 capita
1252 1632 1332 1672 oon·
1435 1640 1436 1667 1

243 1692 428 1755 strinximus.
466 1691 621 1774 Scriptum
636 1703 681 1754 est
701 1703 802 1755 antem
823 1691 881 1752 bne
902 1713 969 1774 cap.
980 1712 1010 1751 2.
1031 1708 1159 1752 ronrsu.

325 1776 536 1854 Pergamia.
561 1796 694 1861 meque
725 1776 900 1841 arbitro.
948 1773 1057 1835 Nescio
1087 1776 1139 1855 qui
1170 1777 1204 1834 in
1237 1794 1332 1838 eausa

243 1859 441 1921 eodesiastina
461 1858 624 1940 imperator
643 1861 777 1940 potuerit
796 1879 862 1919 esse
880 1856 980 1918 iudex.
1021 1855 1241 1918 Constantinus
1259 1861 1332 1941 qui-

242 1944 312 2004 dem
343 1961 471 2023 magnus
497 1944 652 2025 episcopos
681 1942 748 2004 lites
776 1963 847 2003 suas
875 1944 956 2002 inter
975 1960 1006 2001 se
1026 1940 1191 2002 diiudicare
1221 1943 1330 2019 iussit,

243 2048 332 2088 suum
353 2025 515 2086 arbitrium
536 2026 727 2107 interponere
756 2024 863 2103 noluit.
904 2024 977 2102 Sed,
998 2035 1033 2086 ut
1052 2034 1122 2083 ante
1141 2029 1331 2101 monuimus,

245 2111 353 2172 Graeci
374 2109 606 2191 imperatoribus
627 2112 688 2170 suis
707 2108 883 2182 adulantes,
917 2107 1008 2167 nimis
1036 2126 1177 2188 maguam
1207 2111 1248 2169 eis
1273 2130 1332 2169 au-

243 2194 414 2255 steritatem
434 2203 654 2256 mernerunt
670 2195 738 2271 Qui
759 2188 929 2272 exemplum
944 2190 1121 2252 nominatim
1140 2192 1269 2276 quaerit,
1282 2191 1329 2253 le·

244 2287 297 2361 gat
305 2275 514 2337 balsamonem
523 2279 555 2336 in
565 2276 719 2338 Cannnem
731 2275 786 2360 69.
798 2275 905 2358 synodi
913 2285 1011 2336 sextae
1022 2276 1054 2334 in
1064 2274 1332 2339 Triste-mma.

327 2360 406 2440 Pag.
422 2357 473 2437 nl,
485 2358 515 2421 6.
538 2358 753 2421 Palumnm
774 2372 907 2420 autem
926 2378 1010 2418 cnm
1033 2358 1093 2417 sui
1114 2359 1330 2441 similibyrs.

243 2442 294 2505 De
311 2443 522 2504 onntroversia
542 2441 704 2521 Barlaami,
727 2441 881 2525 Acindyni
901 2450 931 2501 et
952 2439 1108 2517 Falernae,
1129 2445 1249 2525 copiose
1268 2447 1334 2525 egi·

245 2547 317 2587 mus
337 2525 376 2586 ad
399 2525 491 2585 linem
518 2523 590 2586 libri
614 2524 755 2599 usundi,
793 2545 854 2608 quo
874 2524 1017 2585 lectorem
1047 2524 1146 2586 redire
1161 2528 1331 2608 rupimus,

245 2609 362 2691 quoties
384 2608 611 2669 Cantacuzenus
641 2609 822 2685 Palamam,
855 2608 980 2688 eiusque
1004 2604 1147 2686 asseclas,
1173 2622 1333 2691 tamquam

245 2704 327 2755 recte
346 2693 519 2767 sentientes,
540 2692 695 2773 praedicat
714 2704 745 2752 et
758 2691 883 2756 extollit.
913 2686 1091 2751 'Omisimus
1104 2686 1142 2752 eo
1161 2692 1239 2769 loen,
1252 2694 1334 2753 hane

245 2774 397 2861 synodum
421 2774 566 2836 adversus
586 2776 685 2837 Acind
729 2796 781 2836 um
811 2775 966 2837 occasions
993 2774 1115 2835 loannis
1144 2777 1334 2857 patriarchae

246 2870 395 2922 wentam.
435 2858 525 2936 Quae
544 2859 571 2921 si
593 2860 632 2920 ad
651 2798 786 2941 reiiduus
807 2858 992 2941 adiungatur
1004 2904 1015 2936 ‚
1046 2860 1107 2917 ism
1128 2879 1178 2921 sex
1200 2858 1334 2944 synodos

247 2964 339 3026 super
357 2943 565 3005 sonnoversia
584 2942 623 3003 de
652 2943 769 3006 lumine
788 2940 945 3003 Thaborio
968 2951 997 3002 et
1021 2940 1214 3004 distinetione
1233 2963 1334 3005 essen-

249 3030 310 3089 tiae
330 3029 521 3109 aetionisque
539 3025 660 3088 divinae
681 3025 871 3093 habebimus.
911 3024 1058 3121 Quinque
1084 3026 1228 3106 quidem,
1256 3047 1336 3109 qua·

248 3112 808 3256 tl.2tt.i⁰tl.t⁰“5t”tttttt.t
826 3107 1165 3256 {thalli
1178 3120 1336 3277 ml

247 3278 331 3337 tione
350 3277 500 3338 Barlaami
521 3287 553 3337 et
571 3277 724 3341 Palamae.
747 3295 893 3339 namara.

333 3359 410 3440 Pag.
423 3358 473 3434 28,
484 3357 516 3420 8.
537 3358 785 3422 Seritur-ium.
826 3358 856 3419 A
879 3358 1010 3421 militum
1040 3358 1245 3423 scutariorum
1271 3367 1336 3419 stu·

196 3478 199 3485 «
249 3440 396 3609 mmo
417 3440 532 3501 dietum
551 3442 704 3504 scribitur.
726 3441 861 3523 Quidam
873 3453 1003 3526 putant,
1016 3441 1091 3504 olim
1111 3441 1223 3503 dietam
1237 3440 1337 3525 Chry-

336 3545 387 3585 lm·
407 3540 534 3586 mm.

259 3656 264 3669 ,
332 3608 413 3689 Pag.
432 3606 483 3681 28,
501 3604 549 3668 15.
579 3611 727 3669 stratis
765 3611 978 3693 tapetibus.
1029 3608 1098 3672 Mos
1135 3606 1339 3672 barbarorum

250 3690 459 3757 discumbendi
481 3693 575 3751 etiam
591 3690 713 3753 bodie..
737 3693 879 3753 Occurrit
910 3692 995 3755 lorus
1016 3713 1051 3754 ex
1083 3712 1111 3754 r.
1132 3692 1264 3754 Aeneid.
1299 3692 1341 3751 de
1378 3727 1381 3733 ,

251 3776 393 3836 eonvivio
415 3774 565 3836 Didonisr
610 3776 813 3854 Conveniam,
849 3788 996 3864 suasoque
1029 3798 1118 3862 mper
1142 3776 1342 3836 decantint-

250 3868 493 4023 sziTaiiz·
504 3962 551 4022 ry.
567 3934 723 4022 Ὀρχᾶνης
745 3941 804 4019 μὲν
823 3935 945 4021 ἔμεινεν
964 3942 1019 4006 ἐπὶ
1036 3943 1092 4006 rori
1111 3939 1342 4026 στρατοπέδου.

252 4024 680 4171 lilncerplatylffifflpphresis,
704 4034 740 4086 ut
761 4046 882 4089 rursum
904 4026 984 4091 infra
997 4048 1066 4111 rap.
1082 4028 1156 4105 im,
1177 4025 1232 4086 ubi
1250 4024 1342 4107 plura

338 4192 475 4276 Pugmp,
491 4190 539 4254 18.
560 4188 736 4275 Sophiae
757 4190 962 4277 templum.
1004 4190 1053 4256 De
1074 4193 1135 4258 hoc
1154 4191 1261 4257 eodem
1275 4203 1342 4262 tam
