2900 4676
175 358 180 367 ,
235 254 321 355 516
607 274 919 346 suuorsnouss

234 443 314 505 baec
336 434 462 521 quedem
482 434 571 508 olim,
593 455 663 498 cum
682 414 773 516 reges
790 454 858 495 una
886 452 958 496 cum
984 432 1102 517 populo
1127 432 1313 516 superlicio.
1420 426 1421 433 ’

234 546 287 586 nes
299 521 467 604 faciebant
490 533 521 580 et
541 521 574 579 in
596 539 659 595 eos,
683 521 738 600 qui
758 520 921 579 Romanae
944 517 1106 579 servitutis
1127 518 1233 596 iugum
1256 519 1315 580 de-
1420 540 1421 589 ;

235 606 420 675 trectabant,
442 604 554 685 copias
576 600 730 662 ducebant
751 622 792 661 ae
817 600 1000 676 totumfere
1024 599 1130 661 orbem
1153 613 1314 662 terrarum
1420 616 1421 661 t

234 690 416 753 renitentem
455 684 724 764 reluctantemque
752 682 952 762 subigebant.-
984 692 1017 739 ut
1047 681 1149 741 Iulius
1170 683 1310 757 Caesar,
1420 750 1421 765 ,

234 787 268 834 ut
291 768 492 830 admirabilis
513 766 566 826 illo
589 765 760 845 Augustus,
795 778 828 825 ut
849 764 1103 825 celebratissimus
1126 764 1316 841 Traianus,

234 870 266 915 ut
292 870 425 930 magnus
449 850 504 909 ille
534 851 615 908 inter
650 865 736 929 reges
768 849 988 909 Constantinus
1021 860 1051 908 et
1075 845 1265 909 blundose'us
1285 863 1318 910 et

234 937 288 1018 qui
313 946 386 1017 post
412 931 503 991 illum
525 930 740 1000 Cbrt'stiauam
769 930 951 1010 religionem
982 948 1022 991 ae
1045 928 1154 991 divim
1180 934 1317 995 numinis

235 1017 351 1080 cultum
372 1026 442 1075 sunt
463 1013 621 1098 amplexi.
664 1014 772 1092 Neque
795 1016 875 1075 euim
896 1031 961 1095 par
985 1024 1079 1090 erat,
1101 1015 1171 1097 ipso
1193 1018 1316 1093 regein

236 1101 381 1162 exercitu
400 1110 559 1172 versante,
579 1109 758 1177 praetorem
778 1094 948 1175 designari.
990 1096 1054 1155 Sub
1081 1095 1210 1157 ducibus
1231 1100 1314 1158 enim

237 1195 272 1243 et¹
287 1180 416 1242 tribunis
436 1178 605 1258 degebant,
626 1181 792 1275 omniaque
823 1178 935 1240 bellua
962 1178 1091 1256 negotia
1112 1200 1135 1241 a
1154 1181 1239 1259 regis
1257 1202 1322 1242 uo·

144 1294 147 1305 ·
236 1260 559 1343 luntate‘pendebaut
580 1274 610 1322 ct
634 1282 657 1345 p
700 1262 744 1321 uli
765 1262 860 1323 totius
881 1259 966 1321 oculi
983 1263 1019 1320 in
1041 1280 1135 1322 unum
1154 1264 1319 1324 aceolum

236 1368 340 1426 regem
360 1357 453 1405 erant
474 1345 618 1406 coniecti.
650 1282 739 1413 ,lium
758 1358 835 1405 uero
859 1363 945 1423 reges
972 1343 1033 1423 ipsi
1065 1343 1322 1428 npeditionibus

236 1430 384 1491 interesse
407 1426 574 1497 desierunt,
596 1440 662 1487 tum
698 1426 822 1487 demum
839 1437 1004 1509 praetores
1031 1438 1062 1488 et
1080 1427 1224 1489 tbemata
1245 1448 1324 1489 eon·

237 1514 361 1575 stituta.
404 1509 506 1590 Atque
527 1510 610 1570 bane
631 1508 760 1590 quidem
782 1511 940 1571 rationem
964 1507 1135 1571 Romanum
1154 1513 1323 1595 imperium

236 1598 270 1655 in
290 1592 476 1663 hodiernum
495 1613 588 1677 eoque
604 1591 688 1653 diem
711 1594 822 1657 tenuit.
862 1591 952 1653 Nunc
972 1611 1049 1653 uero
1069 1612 1138 1653 eum
1155 1595 1324 1676 augustius

237 1690 308 1739 tam
336 1676 499 1748 orientem,
521 1695 617 1755 quam
640 1694 785 1735 occasum
805 1695 912 1737 uersus
934 1673 1110 1735 Romanum
1129 1695 1257 1753 regnum
1278 1678 1321 1737 sit

229 1757 360 1842 sactum
382 1769 413 1817 et
440 1759 590 1819 extremis
615 1759 735 1843 aliquot
760 1757 940 1838 prouinciis
967 1757 1167 1837 mutilatum,
1195 1760 1240 1821 ab
1262 1761 1325 1819 im·

235 1842 327 1925 perio
350 1839 501 1900 Heraclii
525 1839 638 1919 Libyci
649 1885 662 1913 ,
693 1840 749 1924 qui
767 1854 835 1922 post
867 1862 937 1901 eum
961 1854 1158 1919 regnarunt,
1182 1862 1249 1903 non
1267 1844 1327 1903 ba·

239 1923 344 1985 beutcs
368 1923 424 1984 ubi
459 1935 513 1982 aut
550 1922 709 2007 quomodo
743 1925 919 2005 potentiam
948 1921 1204 2007 donnicatumque
1238 1947 1327 1986 situm

239 2017 446 2084 exercerent,
471 2005 505 2064 in
533 2025 651 2086 parvas
686 2005 808 2089 aliquot
833 2017 943 2088 partes
974 2007 1136 2088 imperium
1164 2028 1252 2068 suurn
1278 2029 1328 2067 se-

240 2100 368 2150 cuerunt
389 2101 420 2148 et
441 2087 592 2148 militaria
612 2082 767 2166 τάγματα,
795 2089 949 2149 Graecum
969 2108 1138 2150 sermonem
1165 2088 1330 2170 affectan-
1420 2146 1421 2157 ,

240 2183 303 2243 tes,
326 2173 464 2253 patruum
486 2190 561 2231 uero
584 2191 625 2232 ac
650 2171 824 2231 Romanum
847 2164 1062 2254 repudiantes,
1086 2175 1328 2235 constituerunt.

241 2250 325 2313 Haec
345 2251 419 2331 ilte;
449 2250 535 2331 θέμα
548 2264 593 2315 est
622 2275 839 2335 nonuunquam
867 2255 948 2314 idem
976 2252 1060 2334 quod
1077 2247 1164 2329 τάξις
1190 2276 1246 2315 seu
1271 2251 1332 2315 τά·

243 2357 309 2415 γμα
331 2346 361 2397 et
380 2334 481 2417 legio:
504 2336 558 2397 sed
577 2337 657 2397 inter
679 2335 819 2415 τάγματα
839 2341 902 2399 sive
922 2335 1053 2419 legiones
1075 2347 1106 2397 et
1124 2336 1252 2413 θέματα
1268 2338 1333 2401 boc

244 2418 378 2495 interest,
401 2418 483 2498 quod
505 2417 567 2495 illa,
588 2418 715 2481 florente
736 2424 861 2502 imperio
884 2421 1033 2493 Romano,
1058 2430 1094 2479 ut
1116 2422 1210 2481 iustae
1234 2421 1334 2503 legio-

244 2521 299 2561 nes
319 2503 362 2560 its
375 2501 473 2561 dictae
493 2501 629 2580 fuerunt,
647 2524 724 2584 quse
742 2515 844 2584 posteo
865 2505 1026 2565 imminuto
1050 2513 1253 2583 truncatoque
1266 2507 1335 2566 He-

243 2581 330 2642 raclii
348 2583 533 2664 temporibus
555 2586 661 2647 eodem
683 2590 822 2667 imperio,
842 2581 992 2664 θεμάτων
1012 2583 1255 2667 appellationem,
1278 2589 1338 2650 de-

246 2665 440 2727 sciscentibus
462 2687 479 2726 n
505 2673 601 2729 veteri
628 2668 826 2749 amplitudine
849 2668 1036 2753 legionibus,
1065 2671 1126 2730 sint
1158 2684 1337 2736 consecuta.

245 2747 330 2809 Hsec
353 2751 501 2831 interpres
520 2752 554 2810 in
578 2751 708 2813 scholiis.
729 2774 860 2817 nonrsu.

330 2832 510 2916 Pag.92,5.
540 2857 658 2918 quam
686 2850 892 2918 parentem
920 2855 1041 2901 suam.
1081 2834 1192 2897 Modus
1226 2838 1337 2901 decla-

246 2915 337 2979 randi
355 2919 456 2997 magni
477 2918 633 2980 cuiusdam
652 2919 773 2984 amoris.
816 2917 900 2998 Quid
921 2921 1003 2980 enim
1026 2918 1135 3000 cuique
1163 2921 1214 2982 vel
1244 2932 1341 3004 patre

246 2999 296 3061 vel
327 3011 423 3060 matre
459 3002 583 3065 carius?
625 3002 837 3081 Quaesivimus
865 3000 1027 3084 aliquando
1060 3001 1099 3061 ad
1131 3007 1342 3070 exercendum

248 3084 418 3164 ingenium,
442 3093 511 3143 nter
530 3105 638 3165 parens
660 3083 763 3147 liberis
789 3085 912 3147 deberet
937 3106 1001 3147 esse
1029 3086 1151 3165 carior,
1177 3104 1344 3153 momenta

246 3168 400 3226 rationum
420 3167 452 3226 in
473 3178 631 3251 utromque
652 3180 769 3249 partem
788 3169 962 3245 attulimus,
985 3178 1014 3228 et
1034 3168 1073 3228 od
1093 3182 1261 3235 extremum
1295 3176 1347 3236 af·

249 3246 449 3327 firmavimus,
470 3261 585 3330 patrem
606 3254 769 3314 amandum
789 3272 852 3314 eme
872 3253 989 3334 plenius
1005 3262 1034 3311 et
1053 3258 1247 3332 constantius,
1268 3279 1347 3319 ma·

251 3338 330 3389 trem
341 3330 481 3390 dulcius:
504 3335 748 3418 quondoquidem
769 3347 832 3396 tam
852 3336 1055 3410 vehementer,
1071 3358 1147 3419 quos
1167 3342 1345 3423 genuisset,

254 3422 378 3494 temque
401 3411 530 3474 dulciter
550 3417 696 3498 diligeret.
717 3439 845 3483 roursu.

331 3494 382 3557 Pa
406 3538 414 3554 .
436 3497 505 3574 106,
519 3519 550 3580 7.
572 3489 694 3560 ἄνωθεν
707 3504 773 3573 τοῖς
786 3499 950 3581 πράγμασι
964 3496 1261 3588 παρηκολουθηκώς.
1290 3508 1351 3570 Λᾶ

211 3602 215 3609 ’
247 3577 353 3676 lpcum
375 3519 438 3639 <bvi
469 3580 570 3640 Lucae
599 3580 749 3644 nllusum:
792 3577 880 3661 ἔδοξε
913 3581 1011 3670 κάμοὶ
1040 3584 1352 3669 παρηκολουθηκότι

249 3662 374 3723 “emble
403 3660 484 3722 πᾶσι
514 3659 664 3745 ἀκριβῶς.
707 3665 799 3744 Quod
825 3670 949 3751 quidum
983 3678 1026 3735 sic
1055 3673 1210 3745 reddunt,
1267 3697 1354 3735 ruem

246 3746 358 3819 onmia,
380 3748 501 3827 repetito
522 3748 581 3808 alte
598 3751 767 3835 principie,
786 3770 988 3835 perscrutatus
1008 3760 1076 3819 sim.
1116 3756 1165 3817 Ad
1185 3694 1350 3836 verbum,

246 3841 410 3925 assectutro.
463 3829 609 3912 Vulgatus
639 3835 811 3916 interpres,
845 3839 943 3900 uisum
968 3855 1012 3902 est
1042 3855 1072 3902 et
1101 3842 1176 3903 uu'lui
1202 3856 1352 3903 asseauo

247 3930 351 3973 amum
372 3933 396 3973 α
412 3916 574 3998 principio.
595 3939 726 3981 ronrsu.

332 3993 414 4074 Pag.
433 3996 503 4071 108,
519 4019 569 4058 20.
594 3998 636 4060 δι’
656 3998 825 4081 &rotulus
838 3998 919 4066 sarci
941 3999 977 4069 τὸ
995 3997 1161 4083 Ῥωμαίων
1183 3996 1261 4075 ἔθος
1285 4004 1360 4082 ἒμ-

246 4071 446 4149 πεδώσαμτες
468 4074 524 4155 τὴν
544 4083 668 4162 πρᾶξιν.
712 4083 846 4148 Arrbse.
865 4100 1013 4150 vocantur
1043 4092 1165 4172 proprie
1192 4087 1360 4149 huiusce-

245 4159 330 4222 modi
362 4159 583 4244 sponsaliorum
611 4180 791 4250 srgumento
818 4181 849 4233 et
876 4170 1080 4255 mummio,
1118 4191 1197 4257 quae
1225 4172 1362 4235 duntur
