3020 4684
488 281 772 349 ussroasaaou
804 285 858 345 rr.
879 288 930 354 εν.
1167 254 1252 365 269

175 441 233 509 τὸν
253 443 350 523 νοεῖν,
383 442 442 506 oris
462 439 626 521 έπιστῆσαι
646 442 711 511 τοῖς
729 436 970 518 γεγραμμένοις,
1005 435 1071 498 dtt‘
1087 431 1405 518 ‹irrepsere-Mutii

176 564 263 617 πτως
285 549 351 616 τοῖς
371 543 519 623 έροθρσίς
540 531 817 619 ὁποσημὴναοθοι.
852 530 968 615 ὁμοίως
988 535 1024 598 δέ
1043 533 1097 596 καί
1116 535 1178 597 τῶν
1201 554 1255 615 γε-

177 643 354 724 γενημένων
373 634 498 722 ὕβρεων
527 631 590 698 sind
609 636 671 698 cois
688 635 854 717 τριηριτῶν
883 628 975 697 sitta
996 630 1093 696 adesir
1114 630 1254 711 εἰδέναι,

179 741 257 823 μήτε
285 735 477 820 βούλεσθαι,
508 733 575 798 ἄλλ’
595 733 630 796 έν
659 734 698 819 τῇ
726 733 813 817 κοιλη
849 733 905 814 νηῒ
922 732 993 794 κατ’
1015 730 1112 794 ἐκεῖνο
1136 725 1255 811 χρόνον

155 835 401 923 ὄδιατρίβονκα,
421 831 558 919 μηδενὸς
576 831 740 919 ᾐσθῆσθαι
760 832 822 895 τοῖν
833 831 1065 912 τετολμημένων
1084 824 1154 905 ἔξω.
1177 830 1256 891 τοῦ·

181 963 221 1004 το
240 940 300 1020 μὲν
320 930 377 1002 adr
396 930 539 1016 ὕστερον.

263 1032 319 1114 λζ.
365 1031 442 1099 Τότε
470 1035 505 1096 δέ
532 1028 604 1123 spel
622 1031 817 1116 ἐπεφήμιζεν
837 1024 855 1093 o‘
875 1029 1025 1113 βασιλεῦς
1043 1029 1103 1115 τὴν
1118 1024 1287 1116 &viriq-a

182 1160 233 1200 σιν
252 1132 429 1200 Ματθαίοο
451 1135 509 1196 τοῦ
530 1128 626 1211 οἱοῦ,
657 1128 736 1210 μετά
756 1152 844 1205 τινας
862 1131 916 1213 της
943 1130 1107 1206 διαλίξεοος
1127 1127 1257 1212 ἡμέρας,

181 1236 307 1298 πάντων
334 1229 499 1316 παρόντων
527 1230 561 1293 έν
580 1238 644 1303 τοῖς
665 1228 855 1309 βασιλείοις,
889 1228 986 1292 θεοῦ
1007 1229 1162 1308 βασιλέως
1183 1228 1259 1310 α’νη·

137 1331 315 1419 ιογόρεοτο
335 1328 421 1406 οἷὸς,
456 1331 513 1392 καί
538 1336 603 1403 τοῖς
630 1350 664 1392 τε
684 1329 775 1392 ποσίν
802 1327 907 1393 ὑπέδυ
937 1328 1091 1412 κρηπῖδας
1120 1323 1292 1411 έροθροὶςῦ

182 1433 239 1495 καί
259 1436 351 1494 πῖλον
367 1429 496 1493 έπέθετο
514 1428 552 1514 τῇ
573 1429 695 1513 κεφαλῇ
715 1427 793 1514 λιθηι
811 1451 846 1490 τε
865 1428 1092 1509 κεκοσμημένον
1106 1429 1161 1490 καί
1177 1449 1262 1509 μαρ-

182 1525 309 1615 γᾶροις,
342 1522 449 1611 οἵσπερ
477 1523 551 1600 ἔθος
578 1529 769 1609 βασιλεῦσι,
792 1523 847 1590 καί
864 1524 944 1611 πρός
965 1547 998 1589 τε
1020 1524 1076 1601 τὰς
1099 1525 1261 1611 είφημίας

184 1631 407 1715 οονηριθμείιο
426 1632 491 1701 τοῖς
507 1629 675 1707 βασιλεῦσι
694 1623 750 1687 καί
768 1627 802 1689 έν
820 1632 888 1701 ταῖς
907 1629 1103 1708 γιγνομέναις
1122 1620 1262 1708 μνήμαις

184 1730 248 1792 τῶν
273 1726 430 1808 βασιλέοιν
457 1721 533 1808 πρὸς
566 1733 631 1798 τοῖς
666 1721 774 1808 ἱεροῖζι
809 1724 944 1805 βασιλέα
977 1725 1013 1787 δέ
1042 1720 1098 1787 τόν
1118 1720 1263 1807 Ἰωάννην

139 1823 310 1890 ιὸέκέλεοε
329 1820 479 1906 βασιλέος
506 1822 524 1886 d
546 1821 695 1906 κηδεστὴς
715 1819 750 1885 ἔν
769 1844 803 1885 τε
825 1830 894 1898 ταῖς
912 1823 1052 1904 μνήμαις
1077 1815 1264 1887 ἆποοιωποῖ-
1358 1850 1363 1859 ·

184 1927 265 1989 σθαι
281 1923 340 1987 κᾶν
360 1930 430 1997 τοῖς
450 1921 644 2007 εὐφημίαις·
681 1913 800 1986 'Arvas
822 1922 931 2001 μέντοι
961 1918 1018 2005 τη“ν
1038 1923 1189 2002 βασιλίδα
1210 1917 1267 1984 καί

180 2020 234 2087 τὸν
253 2022 465 2105 θυγατριδοῦν
476 2017 672 2104 Ἀνθρὸναιον
685 2017 740 2084 τὸν
752 2023 886 2101 βασιλέα
902 2021 1127 2103 ειίφημεῖσθαι,
1148 2013 1258 2102 ὥσπερ
1283 2028 1285 2033 ’

183 2117 347 2204 πρότερον,
368 2121 424 2182 καῖ
443 2114 698 2202 μνημονεύεσθαι
719 2118 861 2182 έκέλεοεν
881 2120 915 2182 έν
936 2125 1005 2194 ταῖς
1018 2116 1267 2198 ἱερατελεστίαις.

185 2222 226 2283 od
245 2216 309 2303 μην
332 2218 432 2282 adreci
452 2212 648 2282 παντάπασιν
668 2217 781 2303 dossas
801 2216 855 2281 καί
877 2214 936 2297 την
948 2219 1176 2300 προσηγορίαν,
1194 2215 1265 2278 ἀλλ’

137 2317 218 2381 aoel‘
234 2340 308 2381 ποτε
329 2318 403 2401 περί
422 2317 540 2381 ἐκείνου
560 2323 689 2379 ’ποιοῖτο
710 2312 822 2397 λόγον,
855 2316 989 2396 βασιλέα
1017 2308 1264 2398 προσηγόρευεν,

185 2413 240 2479 tul
268 2418 399 2481 πολλῶν.
440 2416 476 2478 έκ
501 2411 653 2479 τοιούτων
669 2415 729 2495 μέν
750 2415 860 2479 αἰτιῶν
881 2410 899 2475 ὅ
919 2409 1000 2496 πρὸς
1026 2407 1179 2495 α’λλὴλοος
1198 2412 1297 2477 roien

186 2514 342 2595 βασιλέων
362 2509 492 2596 έκινὴθη
513 2513 647 2593 πόλεμος
674 2510 730 2578 καί
747 2505 863 2596 ηὔξητο
886 2511 940 2577 tut
958 2510 1124 2592 τοσοῦτον,
1146 2509 1190 2586 ὥς
1209 2507 1302 2580 univ.
1314 2524 1369 2586 603

188 2610 451 2695 Καντακοοζηνὸν
469 2610 525 2676 τὸν
538 2615 689 2693 βασιλέα,
711 2616 812 2678 καίτοι
827 2610 981 2696 πρότερον
1002 2606 1059 2698 ὅλῃ
1078 2612 1185 2699 γνιέμη
1203 2634 1264 2673 πα-

188 2712 435 2807 ρεσκευασμένον
454 2713 512 2793 τῆς
531 2710 633 2796 α’ρχῆς
653 2712 802 2796 διάδοχον
820 2708 874 2775 τὸν
893 2714 960 2776 νέον
980 2712 1179 2776 καταλείπειν
1197 2705 1265 2777 'loo-

258 2830 299 2867 aa.
318 2812 420 2878 ηὔξατο
439 2811 476 2864 Μ.
807 2828 811 2836 ·

188 2906 341 2972 potatorem
356 2918 413 2954 non
430 2900 602 2970 appellasset,
614 2919 670 2954 non
688 2917 733 2963 ae,
745 2902 793 2954 aed
810 2901 925 2955 scribam
945 2903 1078 2956 sustinere
1095 2902 1199 2970 culpam
1219 2918 1267 2952 au·

189 2971 327 3024 tumebat:
351 2987 381 3023 se
402 2971 497 3024 multis
516 2972 679 3043 implicitum
700 2971 933 3025 sollicitudinibus
960 2982 989 3026 et
1014 2973 1172 3026 distractum
1191 2971 1268 3024 millo

189 3042 308 3114 negotiis
326 3040 469 3094 scribendo
489 3057 545 3094 non
563 3043 691 3104 affuisse,
709 3044 756 3095 sed
777 3044 977 3113 imprudentius
992 3044 1098 3096 rubrica
1115 3041 1269 3111 subsignas-

190 3128 227 3164 re.
264 3111 397 3164 Similiter
418 3113 452 3164 da
469 3113 576 3181 probris
592 3128 625 3164 ex
643 3113 799 3168 triremibus
817 3113 888 3166 nihll
906 3130 935 3166 se
955 3113 1039 3177 scire,
1057 3128 1147 3182 neque
1165 3128 1197 3163 ea
1215 3113 1268 3166 iaci

188 3182 308 3236 voluisse
349 3181 444 3235 sedin
461 3183 551 3235 media
569 3184 630 3235 nari
648 3193 714 3236 tuuc
731 3191 898 3247 versantem,
925 3183 992 3254 quid
1011 3186 1040 3235 in
1065 3191 1187 3236 extremo
1204 3197 1269 3253 pro·

189 3255 293 3307 tetrius
311 3224 406 3314 derce,
427 3270 484 3306 non
503 3255 626 3306 sensisse.
663 3253 716 3306 Sed
735 3254 803 3306 baec
822 3263 916 3323 postea
938 3254 1102 3307 acciderunt

260 3327 302 3390 37.
337 3324 372 3375 Ut
388 3325 536 3393 imperator
556 3323 641 3375 filium
658 3324 852 3394 imperatorem
870 3325 1009 3378 declarare
1025 3324 1183 3386 constituit,
1207 3329 1271 3392 post

191 3393 249 3445 dira
268 3393 375 3463 aliquot
393 3395 524 3447 sermonis
544 3391 634 3456 illius,
652 3404 796 3465 praesente
814 3396 979 3458 nobilitate,
999 3397 1027 3447 in
1044 3395 1148 3463 palatio
1167 3402 1208 3447 ast
1224 3411 1270 3445 re-

191 3464 351 3527 nuntiatus,
370 3463 541 3535 pedibusque
557 3465 684 3517 inductae
703 3466 830 3535 crepidae
843 3482 1012 3535 purpureae,
1030 3473 1058 3517 et
1079 3468 1146 3517 tlara
1165 3463 1269 3533 lapillis

191 3550 223 3586 aa
246 3533 396 3603 margaritis
421 3543 517 3587 ornata
545 3550 593 3603 pro
619 3553 695 3589 ruore
718 3536 800 3605 capiti
820 3538 879 3587 eius
897 3537 1044 3606 imposita:
1063 3534 1169 3588 faustae
1184 3534 1271 3586 accla-
1320 3582 1324 3593 ,

190 3608 325 3658 mallones
342 3604 532 3667 insonuerunt,
550 3614 579 3657 et
598 3606 628 3658 iu
646 3608 727 3659 saorla
748 3608 816 3670 eius,
834 3615 866 3659 ut
883 3608 1050 3678 reliquorum
1067 3606 1271 3674 imperatorum,

191 3676 359 3745 frequentari
378 3682 473 3743 coapta
496 3677 634 3727 memoria.
671 3679 780 3730 loannis
808 3685 898 3730 autem
919 3693 1018 3729 nomen
1047 3678 1076 3727 in
1098 3673 1270 3728 acclamando

194 3752 276 3816 atque
303 3747 375 3797 inter
402 3761 475 3798 sacra
498 3762 574 3798 socer
591 3753 681 3800 tacere
699 3749 796 3809 iursit,
826 3757 854 3800 et
873 3749 965 3799 Annae
984 3747 1151 3816 imperatrici
1170 3761 1202 3798 ao
1220 3761 1270 3797 ne-

194 3818 252 3883 poti
279 3815 433 3869 Andronico
459 3816 618 3878 reclamari,
645 3825 676 3870 ut
692 3820 787 3889 prius,
807 3825 836 3868 et
856 3818 884 3868 in
902 3816 1145 3870 sacriliolomissae
1161 3813 1270 3869 eosdem

194 3885 338 3938 nominari.
374 3884 435 3940 Non
460 3894 551 3937 tamen
579 3888 689 3941 omnino
714 3891 741 3941 ci
769 3887 928 3940 vocabulum
948 3888 1092 3949 auferens,
1119 3889 1142 3940 si
1180 3886 1269 3938 uando

195 3954 268 4022 apud
292 3958 384 4024 plures
411 3956 445 4009 de
462 3957 512 4007 illo
531 3956 704 4026 loqueretur,
722 3960 911 4028 imperatorem
931 3958 1114 4028 appellitabrt
1155 3906 1271 4008 'lalibus

195 4024 280 4093 igitur
303 4041 336 4077 ex
359 4028 446 4080 cauria
469 4033 594 4079 mutuum
622 4029 695 4082 inter
715 4030 890 4099 imperatores
914 4029 1019 4082 bellum
1038 4029 1152 4091 exarsit,
1175 4031 1270 4095 itaque

195 4096 295 4157 crevit,
315 4102 347 4147 ut
364 4096 584 4159 Cantacuacuus,
601 4101 709 4154 umetsi
729 4108 808 4152 autea
828 4108 919 4153 mente
936 4107 995 4153 tota
1015 4101 1142 4152 loannem
1162 4095 1269 4166 imperii

195 4168 376 4222 uoieuorsm
394 4169 551 4241 relinquere
568 4177 680 4240 paratur
698 4179 788 4236 essct,
804 4171 974 4225 Mattbaaum
991 4171 1078 4225 lilium
1096 4168 1151 4222 lroc
1167 4167 1271 4219 honora
