2900 4676
289 322 295 333 ·
419 298 475 360 m
506 292 784 375 murteumu
813 294 887 356 nn
911 297 952 357 ιι.
1134 267 1221 381 473

146 447 203 532 τῆς
221 445 423 530 χρυσοπηγῆς
442 458 503 509 tem
526 444 611 526 lum,
626 464 705 530 quae
722 435 884 528 appelletis
903 442 996 506 torte·
1016 448 1147 508 dreteri
1168 446 1223 510 illd

140 533 185 596 od
209 534 344 608 butem,
365 553 402 593 eo
423 469 635 595 translucet
675 529 755 590 Utut
772 531 836 605 sit,
867 527 925 589 huc
945 526 1051 589 itidem
1072 526 1139 592 loco
1159 530 1221 592 duo

145 615 235 678 nohis
255 614 410 677 catholicis
432 615 576 676 adversus
596 614 694 675 evitee
723 611 794 672 iidei
820 611 986 672 &remores
1013 620 1044 671 et
1063 632 1221 695 oppugne-

143 710 227 762 tores
247 709 422 781 argumente
441 706 659 779 proponuntur.
701 695 728 756 l.
750 692 857 755 Cultus
877 705 908 755 ct
927 694 1076 756 invocatio
1094 701 1221 759 senctic-

145 784 239 845 simas
260 782 392 864 Virginis
416 802 478 843 non
506 783 571 845 sine
593 780 695 840 fructu
714 780 747 838 in
767 778 824 839 hec
846 798 968 860 quoque
987 780 1070 839 rite:
1104 782 1227 847 sienim,

146 867 245 928 Mater
263 865 484 926 misericordiae
502 874 564 924 tem
584 861 717 925 benefice
738 861 797 922 fuit
817 860 1021 922 inhominem
1039 872 1120 923 extra
1141 861 1222 925 ovile

147 948 262 1010 domini
282 948 492 1022 oberrantem,
515 945 588 1027 quid
608 946 648 1008 de
664 944 768 1007 eedem
789 944 866 1006 coeli
885 947 989 1026 regine
1009 945 1067 1004 sibi
1087 944 1222 1028 polliceri

15 1040 22 1049 '
53 1096 58 1103 ,
145 1053 208 1092 non
227 1040 359 1114 poterit,
383 1034 436 1113 qui
459 1051 527 1091 cem
542 1029 596 1110 'pie
624 1032 656 1090 in
687 1039 757 1091 vote
790 1038 879 1089 vocet
907 1028 1069 1109 debitoque
1095 1051 1222 1091 venere-

144 1116 227 1176 ticne
245 1115 438 1197 prosequitur
457 1115 489 1173 in
509 1114 593 1174 striis
613 1112 721 1173 domus
740 1111 854 1172 domini
871 1113 928 1188 ‚in
949 1111 1050 1171 medio
1069 1115 1116 1173 tui
1136 1114 1222 1174 leru-

143 1196 256 1275 sulem,
277 1197 336 1258 huc
356 1204 403 1257 est
422 1198 454 1257 in
475 1194 598 1257 ecclesie
616 1196 751 1256 Christi?
792 1196 834 1256 ll.
853 1193 961 1255 Cultus
982 1204 1012 1255 et
1030 1194 1224 1260 observantie
1270 1208 1280 1217 '

143 1283 176 1343 in
199 1280 268 1343 illes
287 1301 346 1358 res,
368 1300 446 1361 quae
465 1279 555 1339 divae
563 1279 694 1361 Virginis
714 1278 817 1340 furore
828 1287 859 1339 et
876 1277 1020 1338 beneficio
1033 1290 1222 1341 consecratae

143 1366 223 1427 inter
241 1363 382 1445 profanes
411 1365 566 1424 numerari
588 1362 759 1440 desierunt,
779 1373 815 1423 ut
840 1371 926 1422 erent
945 1362 1021 1420 seori
1050 1361 1094 1422 illi
1119 1361 1221 1426 latices

144 1468 183 1513 ex
202 1447 336 1529 Virginis
355 1445 437 1507 sonte
457 1445 558 1507 hausti
569 1491 578 1520 ,
599 1466 730 1525 quorum
750 1465 812 1505 non
836 1445 946 1504 minori
966 1443 1112 1504 desiderio
1133 1457 1221 1507 tene·

142 1528 235 1590 betur
254 1530 447 1590 Andronicus
466 1530 651 1611 imperator,
673 1538 764 1609 atque
783 1527 856 1589 olim
877 1549 928 1589 rex
951 1527 1051 1587 David
1066 1548 1161 1608 eques
1181 1529 1221 1591 de

143 1613 289 1685 cisterno,
320 1633 400 1694 quse
424 1622 489 1674 eret
518 1611 552 1673 in
579 1610 753 1673 Bethlehem
769 1613 1003 1692 iuxteportum,
1026 1631 1055 1675 2.
1079 1612 1153 1693 Reg.
1167 1613 1219 1676 23.

144 1694 268 1773 Quente
285 1696 477 1758 veneratione
497 1694 651 1756 colebatur
679 1694 753 1756 clim
774 1716 835 1756 non
856 1694 947 1755 modo
974 1692 1218 1771 e·Christienis,

143 1778 198 1840 sed
218 1790 248 1841 et
269 1801 287 1843 u
307 1779 426 1841 ludaeis
445 1788 477 1840 et
505 1777 660 1839 Saracenis
680 1778 748 1838 fons
782 1777 863 1860 apud
884 1774 1054 1858 Nicopolim
1075 1776 1221 1839 Palaesti-

142 1882 223 1934 nes,
246 1862 359 1923 Christi
375 1872 516 1922 contactu
535 1864 576 1921 ite
595 1860 813 1939 sanctificatus,
835 1872 871 1921 ut
890 1882 953 1921 non
973 1860 1064 1921 modo
1085 1864 1220 1944 negritu·

139 1944 263 2005 dinibus
282 1938 460 2020 hominum,
487 1943 538 2004 sed
555 1954 585 2006 et
603 1943 764 2007 brutorum
777 1946 892 2005 morbis
911 1942 1050 2005 saluteris
1071 1957 1147 2006 esset
1160 1990 1170 2021 ‚
1184 1956 1221 2007 ut

141 2025 323 2088 sozomenus
354 2037 384 2089 et
403 2026 567 2107 „Cedrenus
595 2025 754 2089 scribunt:
787 2026 1040 2111 quemadmodum
1070 2039 1100 2088 et
1128 2029 1220 2088 arbor

140 2109 262 2171 Persice
283 2109 459 2193 Hermopoll
471 2155 482 2187 ,
517 2130 595 2192 quse
614 2111 748 2172 eiusdem
775 2110 936 2175 servatoris
963 2112 1058 2171 nostri
1088 2114 1225 2191 transitu

139 2204 170 2254 et
191 2194 278 2255 ruhte
299 2197 380 2255 mine
402 2197 467 2255 eius
489 2196 590 2275 quiete
609 2186 737 2254 similem
760 2196 820 2255 vim
842 2193 989 2254 medicem
1010 2196 1144 2275 accepit:
1184 2205 1220 2255 ut

138 2286 257 2339 tuocum
277 2216 390 2340 lunum
411 2276 499 2338 illum
520 2276 642 2337 insectis
663 2277 731 2337 lesu
752 2278 783 2337 in
808 2274 970 2359 Aegypto,
1001 2275 1040 2336 de
1059 2298 1122 2358 quo
1144 2277 1219 2339 Bor·

135 2360 245 2421 curdus
264 2361 298 2420 in
318 2360 518 2444 descriptione
538 2370 637 2421 terrae
657 2359 796 2433 eunome,
820 2371 850 2420 et
870 2358 930 2420 ulie
951 2360 1136 2439 innumere,
1165 2383 1218 2444 per

136 2464 215 2527 quae
234 2441 356 2506 coelites
376 2445 508 2526 iugentia
529 2441 603 2505 clim
622 2441 769 2505 miracula
788 2445 924 2505 feceruut
956 2443 989 2503 in
1008 2446 1106 2504 omnis
1126 2465 1224 2526 gene-v

135 2529 179 2589 ris
198 2536 232 2588 et
252 2526 432 2588 conditionis
451 2528 589 2589 homines
602 2572 612 2606 ‚
624 2537 661 2588 ut
681 2548 785 2589 omnes
806 2526 845 2588 ad
866 2527 1050 2609 agnitionem
1070 2530 1215 2601 veritatis,

136 2630 216 2692 quse
235 2631 298 2672 une
321 2622 367 2672 est
379 2655 390 2690 ‚
411 2610 649 2673 adducerentur:
687 2632 785 2694 neque
815 2610 896 2672 enim
915 2608 1068 2671 miraculis
1094 2632 1112 2670 e
1141 2632 1218 2694 quu-

74 2707 87 2717 ·
137 2712 267 2777 cumque
287 2693 376 2771 diro,
404 2715 594 2776 quocumque
613 2693 681 2756 loco
701 2705 756 2756 eut
773 2705 908 2776 tempore
931 2694 1055 2776 putretis
1075 2691 1139 2754 ulla
1158 2692 1218 2756 elie

137 2775 211 2838 fides
231 2776 358 2856 probate
385 2788 416 2838 et
442 2778 619 2840 confirmate
639 2786 705 2853 est,
737 2798 830 2860 quern
855 2775 931 2847 itta,
954 2799 1014 2860 que
1036 2777 1121 2858 ipse,
1141 2778 1216 2838 dum

137 2858 217 2920 hene
239 2861 332 2921 vitem
352 2861 489 2936 viveret,
520 2859 645 2936 claruit,
678 2860 735 2923 hoc
759 2872 804 2922 est
825 2860 981 2923 Catholica
1005 2870 1034 2921 et
1054 2862 1214 2939 Romane,

136 2952 173 3002 ut
196 2941 249 3004 lib.
276 2963 301 3006 r.
328 2944 475 3025 copiosius
501 2943 627 3007 dictum.
671 2944 744 3021 ctat,
779 2946 838 3005 ru'si
862 2947 931 3007 huic
953 2944 1037 3030 fidei
1070 2956 1215 3006 attesten-

136 3037 186 3088 tur
204 3028 261 3086 ista
282 3027 453 3088 meracum?
480 3037 549 3088 uter
569 3030 650 3088 enim
670 3027 769 3090 verbis
790 3031 884 3089 sencti
904 3028 1067 3111 Augustini
1087 3026 1143 3088 lib.
1165 3048 1215 3092 os.

135 3106 176 3169 de
204 3109 326 3190 ciritets
352 3112 410 3171 Dei
437 3131 502 3191 cap.
523 3131 577 3194 9.:
616 3131 692 3172 num
730 3123 760 3171 et
787 3113 846 3195 ipsi
867 3126 1014 3191 martyres
1048 3116 1097 3188 (et
1126 3113 1216 3172 ceteri

135 3189 313 3253 coelestium
333 3192 450 3255 sedium
469 3193 606 3272 incolae)
624 3197 710 3269 liuius
720 3193 798 3276 fidei
823 3209 989 3275 martyres,
1012 3195 1049 3257 td
1071 3207 1114 3256 ert
1133 3196 1217 3256 hidre

122 3273 300 3360 fldeitestes
308 3277 460 3354 fisenus,
483 3278 538 3338 Ιιιιε
601 3278 631 3337 et
649 3277 846 3338 eremorum
864 3280 1050 3361 perhiberes
1075 3279 1218 3340 munster

136 3358 375 3419 inimicissimum
399 3374 429 3421 et
446 3360 536 3421 crude
549 3360 682 3421 rssimum
700 3361 906 3445 persisterem,
931 3383 1055 3446 musque
1084 3382 1144 3424 non
1167 3385 1215 3424 re-

132 3441 316 3522 pugnando,
335 3441 391 3502 sed
407 3443 561 3505 monendo
576 3443 735 3506 uicerunt·
765 3443 833 3509 Pro'
844 3447 901 3504 ista
911 3446 977 3530 fide
1001 3446 1110 3507 mortui
1125 3459 1215 3520 sunt,

136 3526 190 3607 qui
206 3527 282 3587 laec
305 3543 329 3585 a
354 3525 478 3588 domino
507 3529 513 3543 '
562 3541 665 3588 etrum
683 3540 823 3610 possunt,
843 3543 972 3614 propter
1006 3531 1086 3589 mnu
1110 3549 1217 3590 nomen

137 3608 226 3667 occisi
239 3619 315 3670 swtt.
357 3608 421 3670 Pro
443 3611 505 3670 hac
562 3632 579 3670 e
600 3611 765 3693 praecessit
781 3631 882 3672 eorum
900 3613 984 3671 mira
999 3613 1168 3691 patientia,
1184 3625 1219 3674 ut

137 3688 172 3749 in
187 3691 506 3757 tumescentem
531 3693 592 3754 isra
610 3695 746 3777 porentia
772 3707 950 3778 sequeretur.
992 3693 1073 3755 Haec
1093 3705 1225 3759 sanctus

137 3769 337 3856 Augustinus.
362 3779 506 3839 onersns·

219 3855 423 3938 Fugiens.
444 3857 504 3939 τῆς
525 3878 585 3921 om.
608 3858 653 3918 M.

217 3939 374 4021 Pagdrii,
388 3962 413 4009 1.
434 3937 631 4021 βουλήσομαι
651 3941 695 4001 Μ.
712 3960 797 4040 mg.2
821 3942 931 4005 omisso
950 3928 990 4005 dv
1009 3942 1060 4007 lin.
1081 3965 1142 4031 seq.

217 4020 296 4105 Pag.
310 4023 425 4109 itm·
447 4016 590 4084 ἐπείθετό
609 4041 642 4086 rs
664 4024 814 4104 βασιλευς
835 4028 880 4088 Μ.

218 4103 416 4189 Pug.417‚5.
439 4097 594 4186 ἀναχθείη
618 4108 659 4171 Μ.
945 4142 948 4155 ·

218 4186 296 4273 rag.
306 4186 421 4277 417,ss
433 4188 565 4276 deduius
581 4191 748 4276 M.mg.pro
758 4188 921 4257 tenuere
932 4186 1067 4275 ἰσχυρᾶς
1077 4211 1144 4275 sup.
1159 4190 1214 4255 lin.
