2978 4678
277 200 361 291 380
651 224 960 290 muorunours

363 382 442 465 Peg.
468 379 588 466 19,15.
621 381 717 444 inde
751 382 801 442 ab
832 380 1077 459 insontibus.
1129 380 1344 444 Communem

276 480 412 549 mgnntne
430 466 606 550 inrperuton‘
622 465 793 527 Ammona
819 464 921 524 iuueni
945 462 1079 547 aequnds
1106 476 1136 523 et
1151 465 1344 525 amicissimus

276 551 315 611 ab
335 551 448 611 irrermte
467 561 561 609 aetate
579 561 609 609 et
627 547 663 609 ob
682 549 779 609 animi
804 546 960 607 candorem
982 565 1203 628 sermonumque
1229 550 1344 608 verita-

275 645 495 696 mucronum
508 630 739 693 comatodr'tntem
749 628 925 691 canerimrn.
957 626 1103 712 Gregorae
1121 625 1176 687 tib.
1190 627 1223 692 8.
1253 649 1343 691 roua.

357 713 436 795 Pag.
462 733 511 798 19,
533 710 585 792 24.
606 708 687 793 πρὸς
706 707 802 773 adedo
821 732 884 774 om.
898 710 943 772 M.

359 797 439 877 Pag.
463 816 513 872 νο,
538 815 566 856 ι.
587 792 632 867 eie
646 795 689 862 M.
707 816 763 876 pro
781 789 872 876 πρὸς.

358 880 437 960 Pag-
462 898 513 956 νο,
534 898 582 939 tt·
600 870 666 939 εἶτα
687 880 732 938 Μ.
753 899 809 959 pro
824 872 911 940 ἔνθα.

359 960 439 1042 Peg.
462 980 514 1040 αι,
531 960 564 1021 6.
586 961 773 1022 hominem
800 982 962 1044 namque
985 960 1237 1043 pluribusne
1270 964 1347 1044 reip.

279 1044 331 1106 Ad
350 1044 557 1106 Andronicum
570 1038 658 1104 cuum
680 1043 902 1115 accommodat,
930 1045 1012 1126 quod
1031 1043 1069 1105 de
1092 1042 1207 1105 medico
1234 982 1345 1107 idome-

278 1148 331 1187 nu
364 1124 490 1209 protulit
519 1122 664 1187 iliadt':
699 1121 815 1206 Ἰητρός
847 1119 906 1205 γὰρ
942 1122 1023 1205 α’νὴρ
1052 1126 1172 1186 πολλῶν
1202 1119 1344 1199 ἀντάξιος

279 1199 403 1287 ἄλλων,
419 1230 480 1292 quo
500 1207 646 1270 versiculo
665 1218 770 1292 poetae
786 1208 993 1291 sapientissimi
1014 1210 1078 1268 iure
1098 1208 1263 1289 gloriantur
1283 1231 1346 1268 me·

279 1291 358 1371 dici,
380 1293 464 1352 cuius
478 1312 601 1352 censue:
625 1291 757 1353 medicus
777 1293 870 1353 inetur
890 1289 1054 1351 multorum
1080 1311 1132 1352 eeu
1160 1311 1214 1370 pro
1244 1290 1346 1351 multis

279 1383 345 1450 ert,
375 1395 426 1435 acu
447 1372 550 1436 multis
569 1375 757 1455 aequiparari
778 1384 885 1455 potest.
927 1375 992 1434 Hoc
1024 1370 1109 1450 vult,
1139 1372 1346 1434 Andronicum

277 1455 444 1518 multorum
473 1458 598 1518 virtuter
621 1477 718 1518 unum
744 1454 951 1537 complexum,
980 1462 1022 1516 ita
1043 1466 1077 1515 ut
1099 1458 1131 1516 in
1151 1456 1273 1535 singuiis
1293 1477 1348 1517 ne·

275 1542 358 1600 mini
377 1539 476 1600 cedat.
517 1539 597 1600 Nota
615 1541 762 1622 egregiam
782 1536 1036 1601 laudatiunculam
1055 1558 1090 1598 ex
1118 1539 1240 1618 verbis,
1271 1560 1347 1620 quae

279 1624 466 1684 continenter
485 1621 692 1683 coniiciuntur.
714 1641 844 1683 narrar.

360 1705 438 1786 Png.
460 1724 512 1771 αι.
529 1705 559 1767 8.
580 1698 709 1789 α’νδρείρι
728 1706 773 1766 Μ.

359 1787 438 1869 Pap.
460 1805 513 1865 ar,
540 1805 587 1856 ιι.
606 1782 709 1848 erario
738 1776 864 1866 ἄγαλμα
892 1785 948 1868 τῆς
972 1784 1105 1870 φύσεως.
1151 1784 1267 1848 Vocem
1287 1786 1347 1869 pd-

278 1887 358 1941 σνως
376 1869 416 1932 de
435 1870 566 1931 humana
589 1878 715 1946 natura,
733 1868 764 1930 id
783 1880 828 1930 eet
848 1869 887 1931 do
907 1867 1078 1931 hominibus
1101 1871 1183 1951 ipsis,
1198 1869 1348 1951 prolatam

278 1953 415 2033 accipio,
449 1971 580 2034 quorum
607 1953 805 2013 communiter
835 1951 925 2015 decue
956 1965 987 2014 et
1008 1964 1217 2013 ornamentum
1237 1952 1346 2024 fusse,

279 2036 418 2118 (propter
437 2035 529 2096 animi
550 2037 761 2116 praestantium
782 2032 946 2115 videlicet‚)
969 2035 1176 2096 Andronicum
1196 2056 1284 2097 auum
1304 2046 1348 2097 te-

278 2129 387 2179 ntatur.
429 2118 465 2180 ia
484 2119 591 2200 quovis
611 2138 713 2180 reram
735 2138 842 2199 genere
863 2117 940 2181 ittud
960 2115 1089 2179 aliarum
1109 2119 1221 2194 decus,
1255 2117 1348 2193 gioria

278 2210 310 2263 ct
327 2211 536 2263 ornamentum
556 2211 618 2275 est,
632 2200 715 2282 quod
734 2221 824 2281 supra
844 2198 918 2262 alias
938 2199 1063 2267 excellit.
1103 2202 1144 2261 Et
1164 2203 1235 2283 qnia
1255 2196 1349 2280 ἄγαλ-

276 2306 325 2365 μα
345 2286 436 2345 etiam
455 2285 613 2380 eppopitur
632 2283 900 2380 oblectamentum,
927 2303 1035 2364 parum
1054 2283 1175 2357 aberat,
1199 2286 1272 2365 quia
1292 2284 1348 2344 hoc
1445 2312 1446 2337 t

277 2378 376 2431 totum
395 2386 498 2428 νοινον
524 2368 651 2444 αγαλμα
669 2366 724 2445 τῆς
750 2386 875 2447 prorue
888 2377 1093 2427 converterem
1116 2388 1200 2428 aanor
1217 2389 1255 2427 oc
1273 2368 1348 2427 deti-
1443 2366 1445 2453 J

277 2449 346 2510 eine
363 2450 477 2530 generis
494 2450 628 2523 Ιιαινισσί,
650 2449 843 2524 recordatus,
864 2450 906 2508 ita
922 2449 1026 2509 Titum
1046 2451 1269 2531 imperatorem,
1287 2450 1348 2509 Ve-
1442 2492 1443 2513 i

277 2532 405 2612 apaeiani
423 2529 543 2610 filium,
567 2532 756 2593 nominatum
776 2551 859 2610 esec,
879 2539 953 2593 teste
972 2532 1115 2594 Suetonio
1141 2535 1172 2593 in
1196 2536 1260 2594 eiua
1288 2535 1350 2593 vita
1440 2550 1442 2629 J

279 2634 315 2675 ce
337 2635 391 2681 .r.
430 2634 560 2676 rorum.
972 2660 975 2665 ι

316 2634 436 2779 pPeg.
453 2716 506 2776 ar,
531 2717 578 2764 ra.
598 2688 696 2770 οὕτως
726 2691 845 2778 ἐρήμην
876 2694 931 2759 ἕνεί
960 2701 1024 2771 τοῖς
1048 2698 1205 2777 μεγίστοις
1231 2697 1349 2762 ἁλῶναι

277 2780 453 2859 συμβαίνει.
503 2779 716 2842 sabaudienda
752 2790 797 2840 est
823 2779 933 2842 vocula
963 2778 1032 2862 δίκη
1062 2803 1131 2844 eum
1159 2783 1211 2843 illa
1241 2776 1349 2863 ἐρήμη.

277 2862 334 2924 Eat
353 2875 452 2924 autem
474 2859 545 2944 δύο]
565 2885 673 2941 censa,
704 2861 870 2935 iudicium,
902 2872 939 2924 ut
964 2862 1065 2944 ἐρήμη
1092 2862 1162 2945 dorp
1191 2867 1229 2926 eit
1248 2860 1347 2926 deser·

278 2955 343 3006 tam
363 2946 507 3008 iudicium
537 2967 589 3007 scu
608 2947 760 3008 decertum
780 2944 996 3011 vadimonium.
1035 2948 1209 3026 Composita
1224 2970 1283 3009 vox
1304 2958 1349 3007 eet

277 3025 492 3108 dppuodr'utor,
522 3028 643 3108 quando
667 3032 734 3110 quir
760 3027 799 3089 ad
826 3028 906 3090 diem
937 3051 996 3089 nou
1025 3031 1154 3092 resistit
1176 3031 1349 3096 iniudieio.

276 3108 320 3170 Et
339 3109 456 3189 ἐρήμην
474 3111 764 3190 καταδικασθῆναι,
793 3110 854 3189 vel,
877 3124 912 3174 ut
935 3114 1015 3193 opud
1035 3125 1170 3175 nostrum
1196 3125 1251 3190 cst,
1277 3107 1347 3192 ἑρὴ·

277 3210 340 3269 μην
361 3187 499 3267 ἁλῶναι,
525 3205 570 3253 eet
598 3194 635 3255 ob
663 3196 805 3255 deseram
826 3196 1031 3257 vadimonam
1054 3197 1205 3259 damnari.
1247 3197 1350 3257 Potest

278 3274 368 3333 etiam
391 3275 468 3334 verti
494 3274 606 3336 indicta
627 3297 716 3336 carun
742 3277 903 3352 denotari,
925 3279 1007 3360 quod
1029 3299 1083 3341 noe
1104 3282 1250 3342 fecimus:
1274 3299 1347 3339 neu·

276 3363 324 3415 ter
350 3356 451 3429 enim,
475 3366 506 3417 et
532 3357 585 3437 qui
614 3357 820 3419 vadimonium
842 3361 990 3434 deseruit,
1023 3367 1125 3444 etqui
1145 3383 1266 3423 eausam
1287 3382 1347 3423 non

275 3435 368 3515 dixit,
390 3436 428 3497 ad
448 3437 591 3499 indicium
611 3450 781 3522 comperet:
817 3444 858 3502 ita
879 3454 1005 3525 uterque
1024 3443 1141 3507 videtur
1160 3445 1346 3507 desmuisoe:

275 3520 330 3579 etei
350 3518 424 3582 aiter
443 3542 512 3583 reue
531 3532 599 3599 est,
632 3526 684 3605 qui
705 3522 876 3585 vadimonio
896 3548 928 3587 se
948 3526 1112 3607 obligavit,
1137 3528 1223 3589 alteri
1245 3527 1281 3588 fit
1301 3529 1348 3587 ia·

274 3602 363 3662 iuria.
406 3602 518 3666 Seneca
537 3603 660 3666 Medeae
683 3607 744 3689 Qui
761 3610 860 3668 senam
876 3611 993 3694 altipuid
1007 3624 1095 3693 parte
1115 3611 1253 3673 iumrditn
1274 3611 1347 3670 alte·

275 3704 329 3760 m,
346 3683 476 3770 Aeqmem
488 3689 557 3749 lueet
578 3691 729 3764 statuerit,
746 3690 831 3752 haud
843 3695 1033 3789 requiescit.
1077 3715 1205 3760 courir.

358 3765 434 3848 Peg.
462 3791 513 3849 ar,
541 3771 587 3831 13.
612 3764 629 3830 d
657 3772 738 3850 χθὲς
769 3772 825 3834 καί
844 3796 962 3854 compr.
1003 3775 1068 3837 Hoc
1089 3774 1272 3858 proverbiali
1292 3774 1349 3859 hy·

276 3847 399 3932 perbole
418 3854 513 3912 utitur
534 3874 595 3913 non
616 3876 696 3915 raro.
735 3854 821 3917 Licet
841 3859 931 3919 etiam
953 3857 1077 3920 reddere
1093 3880 1261 3944 prorurper,
1294 3880 1348 3920 nu·

274 3935 423 4015 petrinae,
444 3937 536 4018 pardo
556 3950 640 4011 ante,
660 3939 732 3998 lteri.
755 3960 887 4001 ronuta.

360 4014 437 4097 Peg.
459 4038 510 4093 αι,
535 4017 582 4096 14.
606 4015 881 4100 προσκυνούμενος.
907 4024 1040 4084 Verbum
1056 4027 1253 4102 προσκυνεῖν,
1274 4025 1347 4086 ndo-

276 4119 354 4174 mre,
373 4101 405 4158 iu
424 4103 618 4162 samoaauctia
647 4103 837 4186 profanisque
860 4106 965 4168 litteris
985 4105 1165 4169 creberrime
1187 4106 1227 4169 ad
1248 4107 1346 4175 homi·
