2900 4676
258 243 346 356 476
549 270 553 285 ·
645 269 958 338 snuorsnonss

259 433 421 506 arrogant,
558 420 730 487 &mutua
830 426 916 488 istim
943 423 1148 489 eumundo
1183 432 1280 503 susat,
1301 440 1345 485 ne

259 507 309 568 isti
338 509 434 569 nostrl
475 507 622 570 ibidinem
648 528 736 570 suam
793 529 951 571 saccorum
977 508 1097 572 licentis
1128 510 1292 571 honestare
1310 517 1343 567 et

260 610 402 651 mensure
425 596 554 651 tentent.
593 592 639 652 Ac
671 594 770 672 primo
797 592 879 674 apud
903 591 1034 675 Graecos
1061 591 1214 677 piaculum
1238 611 1345 651 ceraso

260 684 335 752 tur,
355 675 380 734 si
402 672 568 736 monachus
588 694 711 736 uxorem
731 674 842 753 duest,
872 686 926 736 aut
943 697 1015 736 cum
1034 675 1124 736 ducta
1145 674 1343 736 consuetrnli·

259 776 330 817 nem
348 755 468 818 babeat.
491 747 553 816 Pir
572 755 682 830 scelus,
708 756 887 821 simonialis
905 759 1010 820 nubat.
1046 755 1084 821 Ὁ
1098 758 1133 820 di
1154 751 1343 836 ἐπαγγειλά-

257 856 353 918 μενος
373 835 595 920 παρθενεύειν,
614 841 712 924 inquit
732 843 872 903 ieremias
891 840 1083 926 patriarcba,
1104 839 1343 919 nopbsveve'su,

258 919 315 982 sni
336 909 449 983 ἄδειαν
480 917 566 1006 αὐτῷ
583 931 696 1003 γαμεῖν
727 920 809 1002 μετά
839 921 897 1007 τήν
924 924 1107 1003 ἐπαγγελίαν
1134 921 1175 982 orl
1200 920 1344 1001 παρέχο-

257 1023 325 1084 μεν.
366 1002 471 1075 oe’dsic
489 998 551 1084 γὰρ
569 999 640 1078 θεὶς
657 1000 713 1089 τήν
726 1011 819 1088 χεῖρα
837 1005 938 1068 αὐτοῦ
955 1007 1004 1070 s’n'
1021 997 1151 1089 ἄροτρον
1166 1003 1224 1067 sol
1242 1024 1343 1084 orpu-

257 1085 332 1169 φεὶς
351 1076 481 1159 εὔθετός
510 1084 594 1149 ἐστιν
615 1088 662 1161 εἰς
689 1084 745 1170 τὴν
775 1091 940 1167 βασιλείαν
966 1087 1028 1152 τῶν
1046 1087 1200 1169 οὐρανῶν.
1243 1078 1286 1148 civ
1307 1086 1344 1147 di

257 1191 290 1233 rr
308 1168 397 1253 ποθῇ
416 1161 634 1252 despectior,
670 1169 907 1254 σωφρονιζομεν
929 1166 981 1234 dici
1008 1170 1178 1248 μετανοίας
1195 1166 1252 1231 καὶ
1273 1166 1345 1243 ἕξοι

258 1250 456 1332 μολογὴοοας
482 1251 538 1314 καὶ
571 1254 680 1335 λοιπῆς
699 1255 910 1328 κακοπαθείας
932 1253 988 1316 sni
1004 1252 1124 1333 (ἐποχῆς
1138 1252 1242 1315 κακῶν
1262 1249 1345 1311 cino·

259 1330 432 1413 πλόοομεν,
463 1331 519 1395 καὶ
536 1331 571 1395 sd
605 1330 692 1408 ileos
716 1335 772 1400 τοῦ
793 1338 873 1400 θεοῦ
897 1335 955 1400 osis
982 1332 1209 1414 ἀποδοκιμάσαι
1239 1330 1348 1397 αὐτόν.

260 1419 343 1480 Haec
364 1419 527 1481 Hieremias
545 1420 727 1501 patriarcha.
769 1422 907 1485 Immune
927 1431 1114 1504 quantuma
1140 1418 1265 1479 Graecis
1283 1418 1342 1478 hac

258 1504 291 1563 in
315 1522 348 1562 ie
366 1502 504 1580 distent,
532 1505 585 1586 qui
613 1525 634 1566 a
662 1502 797 1566 Romana
818 1503 943 1566 ecclesia
968 1500 1165 1565 secesionem
1183 1501 1348 1581 lecerunt,

257 1585 370 1667 quibus
390 1584 467 1646 nihil
486 1588 644 1661 usitatius,
666 1607 760 1669 mam
790 1587 1010 1650 monachorum
1030 1597 1061 1648 et
1090 1584 1266 1647 monialium
1296 1586 1346 1644 in·

257 1680 371 1750 nuptae
392 1670 534 1750 nuptiae,
563 1690 619 1731 nec
638 1670 716 1732 sorte
733 1670 868 1744 mirum,
898 1692 970 1732 cum
996 1680 1061 1731 tota
1084 1666 1204 1729 illorum
1228 1667 1346 1729 doctri·

257 1772 299 1812 na
320 1772 354 1814 ex
375 1751 547 1823 hisiusmodi
569 1755 683 1835 nuptiis
702 1754 741 1816 sit
760 1765 982 1839 progenerata,
1014 1755 1100 1815 cuius
1119 1762 1208 1835 pater
1233 1772 1345 1812 mona-
1430 1786 1431 1799 ι

256 1834 351 1910 obus,
372 1845 468 1895 mater
488 1834 640 1896 monialis.
1084 1894 1088 1900 .

340 1917 501 1994 Secundo,
525 1918 633 1980 Graeci
652 1916 774 1983 nullum
787 1921 827 1982 ad
842 1921 974 2004 episcopi
995 1920 1172 2005 dignitatem
1193 1918 1344 1993 evehunt,

257 2003 316 2063 nisi
336 2012 391 2062 aut
411 1999 568 2079 caelibatu,
591 2004 646 2064 ant
665 2001 775 2079 talem,
797 2006 851 2087 qari
871 2003 1037 2066 conditioni
1057 2007 1157 2067 uxoris
1177 2003 1346 2064 renuntiet.

257 2086 409 2164 Quocirca
441 2105 511 2145 oum
534 2080 665 2184 episcopi
697 2107 820 2148 uxorem
852 2107 887 2148 sc
918 2086 1029 2150 liberos
1057 2087 1224 2169 presbyteri
1248 2083 1344 2145 buius
1431 2098 1432 2149 Τ

257 2188 368 2251 magno
389 2169 553 2230 domestico
573 2169 761 2244 obsecrent,
798 2181 954 2252 tamquam
982 2170 1195 2253 impedimento
1225 2169 1268 2228 ad
1290 2190 1346 2249 pa·

255 2252 406 2314 triarchas
421 2252 567 2313 honorem
586 2252 784 2314 obtinendum
797 2299 806 2326 ,
821 2253 977 2336 respondit
996 2254 1192 2324 domesticus,
1213 2251 1294 2327 sore,
1309 2261 1345 2312 ut

256 2336 427 2419 patriarcba
448 2347 586 2411 meatus,
618 2338 705 2397 uxori
725 2335 883 2400 valedicat.
926 2337 968 2398 At
987 2337 1129 2401 baeretici
1149 2337 1345 2417 superinten-

255 2418 380 2497 dentes,
402 2421 454 2501 qui
475 2418 585 2479 alicubi
609 2421 821 2500 episcoporum
847 2440 970 2503 quoque
997 2419 1231 2503 appellationem
1251 2439 1344 2478 usur-

222 2544 225 2553 *
255 2513 351 2586 pant,
371 2514 436 2564 turn
457 2503 588 2583 primurn
609 2502 648 2564 sd
678 2501 736 2565 boe
759 2524 871 2564 munos
887 2503 1038 2587 ⁸aptissimi
1058 2504 1289 2575 existimantur,
1320 2501 1345 2561 si

257 2589 364 2647 uxorio
395 2588 466 2668 iugo
486 2584 617 2647 devincti
640 2585 701 2647 sint
729 2586 926 2669 sobolemque
947 2607 1138 2649 numerosam
1158 2587 1189 2645 in
1210 2584 1344 2645 circuitu
1432 2610 1433 2613 ¹

256 2688 378 2731 mensae
397 2689 470 2730 suae
490 2680 659 2737 numerent,
699 2669 823 2746 Tertio,
857 2671 971 2753 siquis
1005 2667 1122 2733 caelebs
1142 2667 1224 2750 epod
1245 2668 1347 2728 Grae·

257 2774 309 2815 cos
329 2754 420 2815 sacris
440 2751 600 2815 ordinibus
620 2753 777 2829 initietur,
795 2773 899 2835 expers
918 2750 999 2815 thori
1024 2755 1087 2815 vita
1107 2772 1199 2835 porro
1219 2760 1347 2833 quoque

256 2836 373 2921 agenda
395 2847 457 2910 est,
480 2839 572 2897 immo
594 2833 669 2897 dum
689 2838 814 2916 spiritus
835 2839 913 2920 regit
932 2847 1027 2899 artus.
1049 2833 1089 2897 Si
1106 2847 1181 2920 post
1201 2831 1347 2895 ordino·

258 2923 373 2985 tionem
404 2920 570 3005 presbyter
604 2932 661 2981 aut
690 2919 847 2981 diaconus
869 2932 929 2981 aut
956 2917 1172 2983 subdiaconus
1203 2935 1346 2978 uxor-ern

258 3005 412 3083 duxerit,
444 3003 592 3065 eiiciatur
618 3022 663 3064 ex
703 3002 789 3064 clerc
831 3014 862 3064 et
890 3003 1000 3064 catriae
1026 3003 1193 3075 ciuitatis,
1217 3002 1254 3060 in
1278 3017 1347 3082 qun

257 3089 391 3151 clericus
411 3099 508 3158 eret,
531 3106 602 3146 cum
622 3084 712 3147 bonis
733 3087 798 3146 suis
819 3083 972 3148 trudatur
982 3128 996 3158 ,
1035 3086 1136 3166 inquit
1158 3082 1348 3146 lastinianus

258 3169 380 3239 Novell,
403 3173 469 3232 aad.
491 3168 556 3247 Qui
578 3180 608 3230 et
631 3167 756 3230 Novella
774 3166 827 3230 6.=
852 3167 890 3228 Si
906 3167 1067 3249 presbyter
1098 3180 1156 3229 aut
1184 3164 1349 3227 diaconus

258 3267 317 3318 aut
337 3252 549 3315 subdiaconus
565 3264 679 3330 postea
697 3252 795 3314 ducat
817 3269 947 3313 uxonm
966 3263 1023 3312 aut
1044 3250 1251 3312 concubinam
1287 3258 1349 3310 urst

256 3336 372 3420 palam
394 3347 451 3394 aut
478 3334 622 3406 occulte,
652 3348 747 3395 sacro
780 3333 890 3395 statim
909 3330 1012 3395 cadat
1040 3332 1150 3394 ordine
1185 3343 1218 3393 et
1247 3329 1350 3391 dein-

259 3439 331 3500 ceps
348 3416 455 3477 idiota
475 3416 527 3474 sit.
569 3414 633 3476 Nec
654 3418 687 3475 iu
710 3415 769 3476 boc
799 3418 985 3477 conveniunt
1014 3417 1134 3481 sectarii
1154 3436 1225 3479 cum
1245 3416 1352 3474 Gree-

258 3503 312 3563 cis.
332 3501 425 3560 Forte
446 3496 587 3557 libentius
606 3518 640 3558 so
658 3498 881 3561 conformarent
900 3518 970 3559 cum
992 3520 1075 3561 more
1096 3497 1232 3581 quodem
1243 3498 1351 3558 Grae·

258 3605 363 3646 corum
375 3630 384 3661 ,
403 3582 495 3666 quisi
515 3601 576 3640 non
598 3579 656 3641 boc
675 3592 828 3662 tempore,
859 3581 932 3642 olins
952 3593 1032 3643 certe
1056 3585 1089 3645 in
1109 3579 1236 3643 Graecia
1261 3583 1350 3661 vige-

257 3664 331 3731 bat:
354 3688 425 3728 nem
445 3675 480 3727 nt
499 3674 626 3725 testatur
649 3664 837 3727 Humbertus
858 3664 1103 3737 Cenomanensis,
1127 3666 1236 3726 Leonis
1269 3665 1350 3723 noni

256 3751 298 3813 od
326 3746 670 3830 Constantinopolitanos
701 3748 839 3832 legatio,
871 3748 1031 3810 ordinandi
1058 3752 1143 3832 prius
1172 3750 1352 3827 interrogo·-

258 3833 382 3907 baotur,
406 3854 480 3894 num
492 3852 598 3893 uxores
610 3830 767 3907 baberent,
790 3836 816 3893 si
837 3831 1023 3910 abnuerent,
1045 3832 1228 3895 iubebantur
1249 3831 1352 3890 duec-

258 3939 294 3979 re
325 3928 356 3979 et
390 3929 455 3978 turn
488 3915 527 3976 ad
554 3934 701 3976 manunm
736 3917 958 3996 impositionem
984 3920 1106 3977 reverti.
1147 3916 1236 3992 Quae
1268 3914 1355 3973 forte

258 4000 445 4064 consuetudo
465 3998 555 4059 bodie
575 3997 662 4059 desiit
681 4001 714 4059 in
734 3999 872 4075 Graecia,
896 4020 966 4061 cum
985 4020 1082 4060 esnon
1103 3996 1296 4073 Trullanus,
1311 3996 1358 4056 de

259 4106 321 4170 quo
340 4097 462 4166 postea,
481 4081 537 4141 boc
559 4102 620 4142 non
642 4084 738 4162 exigru
757 4093 810 4142 sut
832 4082 1005 4163 praecipiat.
1034 4083 1150 4143 lisinam
1163 4093 1268 4145 umen
1284 4102 1355 4139 non

259 4170 400 4235 renovari
420 4166 479 4230 boc
498 4186 574 4227 aevo
593 4164 727 4241 abillis,
746 4168 800 4249 qui
819 4168 851 4227 in
866 4165 1015 4229 loriniani
1029 4177 1061 4228 et
1075 4163 1360 4249 vigilantum-
