2978 4678
448 326 504 390 so
535 324 814 389 canescuzmi
844 327 918 389 nn
948 331 973 389 ι.
1152 303 1248 404 ’4η

182 485 276 558 tiens,
307 502 426 543 versum
447 503 481 543 ex
504 480 648 563 Epigonis
678 480 820 562 protulit:
863 478 986 541 uictisne
1007 482 1083 543 baec
1105 483 1256 571 Anipltia·

181 566 240 625 rasi
258 565 310 625 snb
332 578 445 627 terram
463 564 591 626 abdite?
629 565 782 624 Zenonem
804 561 1008 645 significabat,
1038 586 1056 625 a
1085 588 1146 645 quo
1169 568 1256 630 illurn

181 648 360 730 degenerare
380 647 509 708 dolebat.
550 647 636 707 ldem
661 668 687 706 ι.
712 646 750 707 de
773 646 859 710 Orat.
891 646 973 730 Quid
991 648 1113 707 multa?
1143 646 1256 713 Pedem

180 751 269 791 nemo
288 731 322 790 in
348 731 402 791 illo
429 730 542 791 iudicio
565 729 720 813 supplosit.
759 728 914 788 Laudatur
937 750 954 788 a
976 728 1135 791 Cornificio
1154 730 1209 792 lib.
1222 735 1254 794 5.

180 833 250 873 rum
268 811 421 897 supplosio
436 812 525 955 pedis
543 815 575 873 in
596 823 725 873 oratore.
769 812 895 890 Quintil.
909 810 962 877 lib.
976 832 1024 872 tt.
1046 833 1112 894 cap.
1123 815 1151 874 3.
1172 815 1257 896 pedis

185 895 360 977 supplosio,
380 907 415 957 ut
449 916 503 957 oco
524 906 569 956 est
589 905 774 977 opportuna,
795 905 830 954 ut
849 897 890 956 ait
909 894 1013 955 Cicero
1042 895 1073 956 in
1095 896 1201 973 Bruto,
1223 899 1256 959 in

181 980 423 1040 contentionibus
443 979 621 1058 incipiendis
643 988 695 1038 aut
715 978 877 1057 finiendis;
909 976 951 1038 ita
979 977 1085 1038 crebra
1106 989 1138 1038 et
1160 980 1257 1063 inepti

77 1104 81 1109 -
183 1073 227 1122 est
241 1062 372 1123 hominis
395 1070 425 1122 et
444 1060 553 1121 desinit
575 1060 701 1121 iudicem
718 1062 748 1120 in
768 1081 800 1121 se
820 1070 1006 1120 convertere.
1026 1079 1154 1121 noerae.

264 1145 345 1225 Pag.
360 1142 426 1217 180,
443 1144 491 1204 ιδ.
513 1143 699 1222 καθῆσθαι,
720 1143 800 1203 idem
820 1153 864 1205 est
884 1143 1024 1215 Graecis,
1060 1141 1142 1223 qnod
1170 1144 1256 1207 nobis

180 1226 298 1305 sedere,
328 1225 376 1287 vel
412 1228 512 1308 potius
540 1225 620 1285 idem
640 1226 726 1285 nobis
756 1236 801 1286 est
822 1225 940 1303 sedere,
972 1223 1054 1307 quod
1077 1224 1135 1287 illis
1156 1228 1257 1305 καθῆ-

181 1310 272 1387 σθαι,
293 1329 349 1390 pro
369 1308 586 1390 negligentem,
608 1310 746 1450 pigrum,
767 1318 976 1385 cunctantem,
1008 1309 1164 1367 remissum
1195 1329 1257 1369 esse

183 1472 346 1555 obiurgans
379 1391 643 1565 Atlioelliebsllihlde
677 1475 823 1555 segnitie,
851 1477 954 1558 quise
974 1496 991 1535 a
1015 1472 1159 1554 Philippo
1179 1476 1258 1556 cingi

182 1556 323 1638 undique¹
334 1576 397 1617 non
419 1556 575 1635 viderent,
590 1576 645 1615 nec
664 1566 751 1617 tanto
769 1556 848 1617 malo
866 1557 1031 1616 remedium
1053 1568 1255 1636 quaererentt

183 1634 240 1699 καὶ
256 1636 357 1725 κύκλῳ
379 1639 539 1717 πανταχοῦ
558 1635 726 1715 μέλλοντος
744 1631 826 1716 sinric
861 1632 918 1698 καὶ
954 1638 1149 1715 καθημένους
1169 1658 1256 1717 περι-

185 1719 384 1800 στοιχίζεται.
404 1720 466 1786 Cic.
487 1720 519 1782 in
540 1720 703 1782 Pisonem:
732 1741 773 1780 an
791 1733 886 1802 potest
909 1721 975 1780 nilo
1003 1741 1062 1778 esse
1084 1724 1254 1796 excissatio,

184 1824 243 1863 non
263 1803 361 1863 dicam
382 1804 460 1864 male
480 1805 629 1878 sentienti,
655 1803 710 1863 sed
723 1802 853 1881 sedenti,
879 1804 933 1863 sed
959 1803 1121 1875 οωιοίαιιίἰ,
1143 1802 1258 1863 dormi-

185 1886 246 1945 enti
260 1887 292 1945 in
307 1889 444 1947 maximo
457 1888 502 1945 rei
516 1887 652 1954 nublibae
669 1897 747 1944 ntotu
763 1885 877 1945 consuli
884 1891 899 1945 t
931 1882 1076 1967 Virgilius
1095 1884 1125 1954 3.
1148 1886 1258 1969 Georg.

181 1980 213 2027 et
231 1967 358 2028 meliora
378 1968 460 2028 Deos
478 1967 557 2027 sedet
577 1969 676 2028 omina
692 1987 823 2050 poscens.
844 1986 975 2028 eoum.

266 2047 352 2129 Pag.
366 2049 475 2128 181,2.
492 2069 565 2133 pro
581 2050 778 2110 laedentis
795 2070 974 2132 persono.
995 2048 1258 2131 Honniiestquo-

183 2130 344 2192 dammodo
360 2153 376 2192 e
393 2130 609 2214 potentioribus
626 2142 655 2190 et
671 2129 883 2191 illustrioribus
899 2133 1032 2211 accipere
1045 2130 1206 2209 iniuriam,
1216 2134 1258 2193 si·

183 2223 236 2275 cut
245 2214 375 2293 interfici
390 2234 511 2296 quoque
529 2234 547 2272 a
565 2214 636 2272 viris
662 2212 789 2272 fortibus
805 2223 835 2271 et
855 2211 992 2293 inclytis:
1019 2211 1156 2271 videmur
1177 2216 1259 2276 enim

182 2307 258 2357 tnnc
277 2317 331 2356 nos
348 2316 468 2381 quoque
490 2296 519 2356 in
553 2294 654 2376 aliquo
679 2296 775 2374 pretio
796 2314 876 2376 esse,
912 2296 978 2355 sine
1042 2293 1110 2354 ibus
1128 2298 1259 2359 tnaioees

184 2379 290 2454 nobis,
314 2401 392 2460 quae
411 2378 527 2455 velint,
554 2378 698 2458 consequi
717 2397 778 2435 non
798 2379 923 2457 possint.
963 2376 985 2439 S
1043 2375 1120 2437 laedi
1144 2398 1162 2439 a
1183 2400 1256 2439 con-

182 2464 303 2544 temptis
325 2472 356 2522 et
376 2461 497 2522 abiectis
516 2460 583 2521 ideo
604 2460 687 2521 dolet
707 2458 853 2540 amplius,
887 2461 959 2540 quis
991 2479 1059 2522 cum
1088 2461 1197 2520 iniuria
1217 2461 1258 2523 ad

182 2566 239 2606 nos
270 2566 311 2628 qu
352 2565 390 2605 ue
420 2554 605 2624 contemptus
627 2544 785 2628 pervenit,
813 2552 920 2626 utpote
938 2542 993 2626 qui
1013 2542 1143 2626 despecti
1163 2543 1256 2605 sueti-

184 2648 252 2689 mus
274 2651 293 2689 a
312 2631 344 2688 vi
357 2628 463 2688 issimis
494 2648 624 2689 nonnis.

264 2711 349 2793 Pag.
366 2708 434 2787 182,
451 2709 499 2785 ²4·
521 2703 610 2790 ἡμεῖς
634 2710 680 2770 Μ.

265 2792 345 2873 Peg.
360 2791 429 2869 183,
446 2813 493 2873 ¹9·
513 2790 568 2851 καί
585 2812 645 2855 om.
665 2791 710 2852 M.
743 2789 807 2851 etl.
818 2810 868 2854 22.
882 2788 951 2854 edd.
962 2787 1017 2853 eni
1035 2798 1104 2854 ante
1123 2787 1216 2857 nolti.

265 2876 348 2957 Peg.
368 2873 494 2954 184,sp
514 2869 637 2946 ἴξισται
656 2875 705 2934 Μ.

264 2959 348 3040 Pag.
365 2957 490 3036 tenso
513 2951 637 3035 ἀδήλως
658 2977 718 3018 om.
739 2954 785 3016 Μ.
845 2978 849 2985 ’

264 3040 347 3122 Pag.
362 3039 430 3114 186,
440 3059 489 3102 ai.
511 3030 814 3117 συστρατευσόμενοι
828 3037 872 3101 Μ.
889 3056 951 3121 mg.

265 3121 348 3264 {ag
366 3123 432 3267 133,
444 3121 477 3185 8.
498 3119 781 3201 ουναθροιζομένης
804 3123 847 3185 Μ.

295 3227 314 3264 α
338 3225 371 3265 ,ι

268 3227 350 3368 Pagg.
366 3287 434 3365 188,
448 3308 494 3347 12.
507 3286 664 3365 dignum
686 3286 971 3349 decertatione.
993 3283 1084 3368 Apud
1097 3283 1259 3367 Curopsla·

185 3379 247 3428 tam
258 3368 300 3430 ita
316 3371 460 3452 scriptum
472 3380 534 3429 est:
556 3364 611 3428 not
621 3362 728 3447 ἐπειδὴ
744 3359 761 3426 ὅ
775 3367 835 3443 μὲν
847 3365 1047 3448 Ἀλέξανδρος
1067 3371 1128 3431 τῶν
1145 3370 1259 3429 Mons-

187 3446 286 3512 atros
307 3446 454 3530 βασιλεῦς
476 3440 533 3530 ἦν,
558 3447 577 3533 ἧ
601 3449 636 3513 tt
656 3449 842 3511 Masatos.
863 3442 926 3510 sino*
954 3443 1011 3528 τὴν
1030 3450 1086 3510 τοῦ
1105 3447 1260 3530 βασιλέως

181 3529 348 3609 Ῥωμαίων
359 3540 452 3613 χεῖρα
467 3527 650 3614 εὑρίσκεται,
663 3527 703 3592 τὰ
725 3533 784 3610 μὲν
800 3529 863 3615 ἑῷα
883 3525 961 3612 ἔθνη
981 3528 1106 3593 διδόασι
1119 3527 1260 3611 μεγάλην
1284 3532 1288 3541 ’

185 3611 279 3694 τιμὴν
296 3614 339 3699 τῷ
359 3617 501 3693 βασιλεῖ,
524 3611 566 3688 ὥς
587 3609 722 3697 διαδὸχῳ
743 3612 895 3693 πατρικοῦ
909 3609 1059 3692 ὁοιιητίοο
1079 3614 1135 3675 soei
1156 3614 1259 3687 Ἀλεξ-

188 3690 326 3775 sisipoti,
352 3691 390 3758 eoi
413 3696 442 3756 δ’
462 3696 507 3755 oti
532 3687 662 3773 ἑσπέρια
697 3691 741 3767 ὥς
768 3695 827 3756 τοῦ
854 3687 990 3774 μεγάλου
1019 3693 1259 3757 Κωνστοντιοου

188 3774 302 3857 &salig
331 3823 338 3840 .
381 3779 427 3842 Es
451 3777 498 3838 bis
519 3789 593 3861 puto
612 3778 682 3839 hnic
701 3777 769 3840 looo
783 3777 881 3838 lacem
900 3777 1021 3837 factem
1062 3777 1125 3839 Pro
1145 3778 1259 3838 sormo-

188 3862 228 3920 sis
248 3799 369 3940 quiiem
389 3860 532 3922 uxoribus
551 3871 698 3922 certaturn
718 3882 782 3922 esse
801 3871 929 3921 constat.
971 3859 1013 3920 Et
1033 3859 1162 3944 Assyrii,
1185 3881 1259 3922 con·

188 3952 291 4023 specto
314 3944 451 4007 ludithae
470 3943 543 4004 adeo
558 3946 718 4026 praestanti
734 3964 881 4025 corpore,
905 3945 990 4003 siunt
1012 3941 1167 4006 Holoferni
1183 3988 1193 4017 ‚
1209 3944 1260 4003 cui

190 4046 257 4084 enm
277 4027 437 4089 sistebant:
459 4027 536 4109 Quis
550 4040 717 4087 contemnet
726 4028 870 4112 populans
884 4025 1114 4104 Hebraeorum,
1128 4027 1180 4110 qni
1195 4037 1260 4084 tem

189 4109 311 4169 decoras
329 4113 461 4171 mulieres
481 4110 608 4187 Ιισὸεοε,
622 4123 652 4169 ut
673 4130 732 4173 non
766 4129 802 4170 ro
821 4112 865 4170 tut
884 4110 987 4170 nten'to
1003 4128 1140 4191 pignere
1158 4120 1259 4167 eontra

189 4212 238 4254 eos
257 4191 434 4256 debeamus?
454 4192 568 4263 iuditii.
591 4212 618 4262 c.
643 4212 689 4262 ιο.
844 4190 979 4258 notitias
998 4192 1061 4254 sine
1081 4201 1183 4276 neptes
1202 4189 1260 4250 im·

184 1392 215 1451 in
249 1390 350 1473 aliquo
377 1412 416 1451 ne
650 1410 748 1471 egere.
788 1390 1002 1452 Demosthenes
1027 1411 1053 1450 ι.
1075 1390 1258 1472 Olynthium

420 3205 470 3283 ,3.
491 3199 606 3281 uiritim
624 3203 685 3283 μὲν
705 3195 858 3283 dvonisii.
883 3204 926 3265 M.
