2978 4678
460 271 516 331 lu
548 267 825 333 enutrientem
855 270 930 331 nm.
954 271 979 331 1.
1169 240 1255 350 loq

260 422 339 504 Pag.
366 422 433 498 118,
457 422 508 489 23.
528 414 711 482 ἔλαττοντὸ
733 413 907 503 ἁμάρτημα
929 422 976 483 Μ.

260 504 338 587 Pag.
364 522 506 588 119,·19.
526 496 574 565 iim
595 504 639 566 M.
661 525 718 584 pro
740 499 795 573 cie.

217 639 233 677 ἱ
258 586 388 653 Ibidem.
408 588 650 668 Syrgionnem
671 585 999 666 eonfoederatum.
1020 585 1178 664 Quaenam
1187 607 1257 649 cau·

179 691 229 734 sue
239 669 322 733 huuc
332 671 528 753 Syrgiannem
548 668 735 752 impulerint,
754 681 788 730 ut
799 670 998 731 nd‘seuiorem
1011 669 1222 750 imperatorem
1235 692 1255 733 a

176 755 294 816 iuniore
313 755 442 836 turpiter
461 754 648 830 descisceret,
668 763 773 814 narrat
794 752 876 813 hunc
895 755 928 814 in
947 751 1072 814 modum
1086 754 1254 835 Gregorasr

180 838 314 899 Ceterum
336 859 459 917 magnus
477 838 542 898 dcix
561 836 769 919 Syrgiannes,
787 836 871 897 rebus
888 858 947 899 non
965 860 1008 899 ece
1026 838 1169 896 sententia
1187 858 1254 897 suc-

176 921 350 998 eedentibus,
367 921 600 1004 (putubatenim,
611 942 642 980 se
659 921 741 983 veliet
758 932 917 982 consortem
930 921 1051 1005 imperii
1059 921 1135 999 ,fore
1156 932 1187 980 et
1201 940 1254 980 suo

178 1005 325 1065 arbitrum
353 1003 574 1066 moderannum
604 1006 725 1077 omnia,
758 1025 849 1088 neque
873 1025 1007 1089 paruum
1035 1016 1087 1063 aut
1116 1023 1255 1084 magmms

177 1086 338 1173 quidquam
358 1108 389 1147 se
412 1089 554 1148 nesciente
573 1100 668 1149 acmrn
691 1088 756 1165 iri‚)
775 1108 842 1147 cum
859 1101 981 1171 praeter
1009 1106 1127 1147 omnem
1146 1108 1254 1169 exspe-

177 1172 331 1231 ctationem
358 1184 505 1245 cerneret,
544 1170 585 1230 im
623 1172 731 1231 raton's
759 1171 895 1231 animmn
916 1171 1128 1247 Centaurum,
1148 1190 1259 1251 magno

176 1252 344 1330 domestico,
360 1272 550 1336 prorsuesse
631 1253 752 1330 incitem,
765 1252 868 1314 dolore
886 1266 973 1338 atqroe
1000 1252 1121 1314 invidia
1140 1265 1256 1314 amma·

176 1335 228 1397 irat
245 1357 283 1396 ac
309 1348 433 1398 moestus
458 1357 554 1398 serrem
565 1335 771 1409 meditabatur,
792 1337 938 1420 quomodo
957 1336 1142 1398 ulcisceretur
1158 1337 1256 1419 irnpe-

177 1432 316 1496 ratorem,
336 1421 389 1503 qui
404 1439 519 1499 eorum,
540 1441 617 1503 quoe
633 1420 731 1481 verbis
752 1433 820 1480 ante
836 1422 1026 1504 promisisset,
1050 1441 1127 1481 nww
1145 1422 1258 1502 reipsa

177 1501 287 1561 millius
306 1502 501 1578 meminisset,
525 1502 579 1563 sed
595 1503 746 1565 corrtruria
761 1503 861 1587 potrus
879 1504 1126 1581 omniasaceret:
1146 1503 1256 1585 qm‘ppe

177 1603 199 1642 a
219 1604 277 1667 quo
294 1598 327 1646 ut
345 1606 416 1646 unm
438 1607 455 1645 e
473 1586 572 1647 multis
589 1585 800 1671 despiceremr,
824 1608 877 1648 nec
895 1586 953 1648 ulii
968 1584 1177 1647 comuimtioni
1198 1584 1258 1644 ad«

177 1666 329 1729 iiberemr.
370 1666 517 1730 Decrevit
534 1670 624 1752 igitur
639 1692 670 1733 se
689 1671 734 1735 ad
750 1682 876 1731 veterem
891 1671 1099 1753 imperatorem
1122 1669 1256 1747 eorffrne

176 1769 214 1807 uc
232 1749 319 1812 brevi
338 1762 468 1835 tempore
494 1756 598 1814 omnia
621 1755 765 1833 consilia,
790 1776 836 1814 res
854 1774 953 1813 omnes
979 1752 1087 1813 novitii
1110 1765 1252 1813 euertere.

176 1830 280 1917 Neque
306 1837 387 1896 enirn
432 1835 574 1920 uidqucrn
593 1837 638 1897 ad
658 1837 758 1897 Deum
780 1836 941 1917 referebas,
971 1836 1026 1897 sed
1045 1855 1102 1919 quo
1122 1835 1136 1892 ι’
1155 1857 1186 1895 se
1204 1836 1254 1895 in-

176 1914 332 1992 clinasset,
419 1939 466 1978 em
495 1921 588 1979 etiam
616 1922 734 2000 negotia
761 1921 863 1981 omnia
888 1922 1051 1981 necessario
1073 1919 1124 1978 inc
1141 1920 1256 1978 'nanum

168 1999 305 2077 putabat.
349 1999 453 2082 Pergit
473 2000 581 2062 deinde
613 2002 743 2079 docere,
777 2024 869 2086 quum
888 2014 919 2064 et
937 2005 1002 2063 seni
1030 2002 1203 2082 imperatori
1224 2012 1256 2061 et

173 2078 289 2222 populo
321 2080 487 2164 Byzantion
519 2096 604 2167 grata
630 2097 660 2147 et
688 2087 819 2148 iucunda
843 2083 897 2146 illa
918 2086 1066 2145 ‘transitio
1102 2083 1254 2146 acciderit.

200 2163 268 2225 eriit
289 2176 389 2226 autem
409 2168 528 2242 misere,
541 2179 577 2228 ut
600 2189 654 2229 suo
675 2166 742 2230 loco
765 2169 895 2230 dicetur.
918 2187 1048 2229 romeu.
1076 2222 1088 2246 ,

256 2248 335 2329 Peg.
363 2271 431 2332 119,
456 2252 505 2313 23.
526 2240 622 2322 ὅπως
645 2252 689 2311 Μ.
713 2273 769 2333 pro
789 2244 882 2324 ὅλως.

258 2329 336 2412 Pag.
353 2352 418 2407 rao,
435 2333 482 2398 13.
502 2336 764 2417 sycophantis.
798 2331 881 2395 Olim
895 2332 1092 2418 cirmfimu,
1108 2352 1143 2393 ex
1155 2329 1256 2394 Attica

175 2422 331 2494 tamquam
349 2413 480 2475 frustm
500 2437 603 2478 rarum
636 2429 667 2479 et
701 2416 769 2479 ideo
789 2438 894 2480 carum
918 2420 1082 2498 'exportare
1099 2436 1161 2476 uon
1181 2413 1255 2476 lice-

174 2494 237 2558 bat.
280 2497 342 2574 Qui
376 2510 563 2579 exportantes
584 2502 730 2562 curiosius
755 2512 786 2562 et
807 2503 994 2584 inquirerent
1020 2511 1050 2560 et
1072 2500 1251 2573 indicarent,

175 2599 225 2639 eos
246 2573 448 2661 συκοφάντας
470 2583 676 2646 nominabant.
720 2585 831 2646 Postea
850 2586 910 2646 hoc
937 2580 1119 2646 vocabulum
1143 2582 1255 2643 adens

174 2660 353 2722 translatum
372 2673 427 2737 est,
449 2666 502 2745 qui
522 2678 656 2728 amarent
676 2690 815 2730 accusare
836 2665 932 2749 alios,
962 2688 1014 2728 seu
1035 2668 1087 2748 qui
1108 2686 1255 2749 quacum·

174 2764 235 2827 que
256 2744 412 2821 derauso,
433 2751 524 2809 etiam
543 2746 616 2829 leri,
637 2749 767 2812 aliorum
785 2754 907 2812 nomina
928 2749 1101 2827 deferrent3
1144 2747 1183 2809 ed
1202 2769 1253 2810 ca·

173 2829 369 2890 lumniatores
390 2830 545 2913 denique:
592 2855 630 2894 un
660 2855 735 2895 voce
757 2834 920 2896 Andronici
942 2834 1068 2895 minoris
1087 2844 1118 2894 et
1141 2831 1253 2892 Canta-

173 2914 277 2973 euzeui
297 2915 529 2991 criminatores,
559 2855 640 2979 illius
658 2918 738 3000 apud
759 2939 873 2996 avum,
905 2900 998 2977 liuius
1020 2915 1102 2998 apud
1129 2913 1252 2976 Annam

172 2994 361 3080 Augustam,
385 2997 568 3061 ereberrime
588 3002 619 3061 in
642 3001 689 3064 his
709 2997 794 3064 libris
817 2998 1018 3084 appellantur.
1040 3019 1168 3062 runnu.

253 3079 333 3159 Peg.
360 3101 427 3156 rso,
451 3082 501 3144 23.
519 3081 616 3165 τρέπη
640 3086 684 3145 Μ.
704 3106 761 3167 pro
780 3082 950 3167 ἀποτρέπῃ.

254 3160 333 3242 Peg.
360 3183 429 3243 121,
455 3186 499 3230 ro.
520 3146 624 3269 sutrii
652 3169 773 3243 ποιῶν,
841 3168 881 3229 od
907 3170 1021 3227 Graece
1048 3162 1251 3246 interponitur

170 3241 324 3327 (quodque
343 3243 431 3307 alitor
460 3248 551 3308 etiam
581 3267 619 3309 ev
643 3242 778 3330 ποιήσας
820 3252 918 3328 ὀίων)
951 3250 1079 3332 expressi
1106 3246 1251 3310 adverbio

166 3329 339 3412 praeclare,
370 3329 616 3412 qnandoquidem
644 3326 729 3393 iliud
751 3334 807 3395 ista
827 3354 889 3395 nnn
910 3343 999 3411 sunt,
1027 3352 1120 3415 quam
1140 3350 1250 3407 sermo,

169 3414 213 3472 rei
234 3422 375 3472 eventum
402 3411 452 3475 vel
475 3413 588 3474 factum
608 3413 731 3497 aliquod
750 3416 962 3500 approbantis:
994 3437 1029 3476 nc
1057 3413 1182 3497 proinde
1202 3412 1250 3473 his

170 3495 268 3556 modis
290 3509 319 3555 et
336 3497 453 3575 merito,
476 3509 507 3557 et
526 3512 613 3570 recte,
634 3519 672 3563 ac
696 3500 766 3561 bene
785 3500 917 3586 qur‘ciern,
939 3497 1146 3583 similibusque
1166 3516 1250 3558 com-

170 3579 260 3639 mode
282 3578 512 3645 transferuntur.
552 3601 680 3648 norrun.
1099 3632 1106 3647 .

251 3660 330 3742 Pag.
356 3662 477 3739 122„3.
508 3685 603 3749 quae
634 3667 882 3741 meministi,
915 3664 1066 3728 elocuti
1096 3662 1249 3722 essetis.

169 3740 374 3806 Protostrntor
382 3747 592 3827 imperatorem
601 3768 701 3809 senem
713 3749 745 3809 in
756 3770 904 3811 carcerem
913 3745 1249 3828 trudendum,Syrgian·

168 3845 223 3885 nes
244 3829 442 3890 occidendum
462 3828 608 3891 suadebat
636 3830 731 3913 capite
758 3852 849 3899 nono.
889 3831 939 3892 Ab
966 3842 1094 3911 utroque
1123 3825 1248 3890 consilio

168 3906 326 3973 abhorruit
346 3914 447 3974 iunior
459 3911 664 3992 Andronicus,
687 3934 761 3977 cum¹
778 3913 985 3977 Cantacuzeno
1006 3912 1137 3993 faciens,
1160 3911 1245 3973 cuius

168 3997 314 4055 sententia
334 3996 372 4057 ad
394 3996 496 4080 sugam
516 3996 670 4057 dumtaxat
689 3998 870 4078 pertinebat.
911 4017 1041 4062 rourum.

250 4076 329 4159 Pag.
354 4100 420 4157 122,
447 4080 491 4143 15.
513 4078 608 4140 πάλιν
627 4100 688 4144 om.
706 4081 751 4140 Μ.

253 4159 330 4240 Peg.
359 4181 425 4238 m,
453 4161 499 4226 18.
521 4174 550 4224 et
572 4183 620 4226 so.
642 4155 816 4245 Συργιάννη
840 4165 883 4227 Μ.
