<?xml version="1.0" encoding="UTF-8"?>
<!DOCTYPE html PUBLIC "-//W3C//DTD XHTML 1.0 Transitional//EN"
    "http://www.w3.org/TR/xhtml1/DTD/xhtml1-transitional.dtd">
<html xmlns="http://www.w3.org/1999/xhtml" xml:lang="en" lang="en">
 <head>
  <title>
</title>
<meta http-equiv="Content-Type" content="text/html;charset=utf-8" />
  <meta name='ocr-system' content='tesseract 3.04.00' />
  <meta name='ocr-capabilities' content='ocr_page ocr_carea ocr_par ocr_line ocrx_word'/>
</head>
<body>
  <div class='ocr_page' id='page_1' title='image "./ioanniscantacuz03joangoog/ioanniscantacuz03joangoog_0357.png"; bbox 0 0 3020 4684; ppageno 0'>
   <div class='ocr_carea' id='block_1_1' title="bbox 240 308 920 409">
    <p class='ocr_par' dir='ltr' id='par_1_1' title="bbox 240 308 920 409">
     <span class='ocr_line' id='line_1_1' title="bbox 240 308 920 409; baseline -0.018 -13"><span class='ocrx_word' id='word_1_1' title='bbox 240 308 326 409; x_wconf 66' lang='lat'><strong><em>324</em></strong></span> <span class='ocrx_word' id='word_1_2' title='bbox 641 323 920 395; x_wconf 71' lang='lat' dir='ltr'><strong>martenum</strong></span> 
     </span>
    </p>
   </div>
   <div class='ocr_carea' id='block_1_2' title="bbox 85 468 1495 2730">
    <p class='ocr_par' dir='ltr' id='par_1_2' title="bbox 85 468 1495 2730">
     <span class='ocr_line' id='line_1_2' title="bbox 85 468 1318 574; baseline -0.013 -23"><span class='ocrx_word' id='word_1_3' title='bbox 85 487 395 574; x_wconf 56' lang='lat' dir='ltr'><strong>r‚c‚1355yaufiqori.</strong></span> <span class='ocrx_word' id='word_1_4' title='bbox 432 485 596 567; x_wconf 81' lang='grc' dir='ltr'><strong><em>Τριβαλοῖς</em></strong></span> <span class='ocrx_word' id='word_1_5' title='bbox 615 479 675 560; x_wconf 79' lang='grc' dir='ltr'><strong><em>μέν</em></strong></span> <span class='ocrx_word' id='word_1_6' title='bbox 696 468 834 551; x_wconf 72' lang='grc' dir='ltr'><strong><em>οὖντοῖς</em></strong></span> <span class='ocrx_word' id='word_1_7' title='bbox 862 472 1152 556; x_wconf 71' lang='grc' dir='ltr'><strong><em>μεταπεμπομένας</em></strong></span> <span class='ocrx_word' id='word_1_8' title='bbox 1178 469 1318 553; x_wconf 71' lang='grc' dir='ltr'><strong><em>τοιοῶτον</em></strong></span> 
     </span>
     <span class='ocr_line' id='line_1_3' title="bbox 241 568 1320 669; baseline -0.02 -15"><span class='ocrx_word' id='word_1_9' title='bbox 241 584 389 669; x_wconf 76' lang='grc' dir='ltr'><strong><em>σύνθημα</em></strong></span> <span class='ocrx_word' id='word_1_10' title='bbox 404 580 530 647; x_wconf 74' lang='grc' dir='ltr'><strong><em>έδιδου·</em></strong></span> <span class='ocrx_word' id='word_1_11' title='bbox 556 581 726 662; x_wconf 77' lang='grc' dir='ltr'><strong><em>πρεσβείαν</em></strong></span> <span class='ocrx_word' id='word_1_12' title='bbox 743 576 780 639; x_wconf 82' lang='grc' dir='ltr'><strong><em>δέ</em></strong></span> <span class='ocrx_word' id='word_1_13' title='bbox 798 574 878 657; x_wconf 89' lang='grc' dir='ltr'><strong><em>πρὸς</em></strong></span> <span class='ocrx_word' id='word_1_14' title='bbox 894 569 1046 658; x_wconf 86' lang='grc' dir='ltr'><strong><em>Ὀρχάνην</em></strong></span> <span class='ocrx_word' id='word_1_15' title='bbox 1065 568 1179 635; x_wconf 82' lang='grc' dir='ltr'><strong><em>αάτίνα</em></strong></span> <span class='ocrx_word' id='word_1_16' title='bbox 1192 572 1320 650; x_wconf 78' lang='grc' dir='ltr'><strong><em>πέμψας</em></strong></span> 
     </span>
     <span class='ocr_line' id='line_1_4' title="bbox 241 664 1321 766; baseline -0.019 -17"><span class='ocrx_word' id='word_1_17' title='bbox 241 683 295 755; x_wconf 85' lang='grc' dir='ltr'><strong><em>τόν</em></strong></span> <span class='ocrx_word' id='word_1_18' title='bbox 313 678 472 766; x_wconf 84' lang='grc' dir='ltr'><strong><em>γαμβρὸν,</em></strong></span> <span class='ocrx_word' id='word_1_19' title='bbox 496 671 767 765; x_wconf 72' lang='grc' dir='ltr'><strong><em>ᾑτιῖτομτρατιάν</em></strong></span> <span class='ocrx_word' id='word_1_20' title='bbox 785 670 841 736; x_wconf 81' lang='grc' dir='ltr'><strong><em>καί</em></strong></span> <span class='ocrx_word' id='word_1_21' title='bbox 860 668 936 745; x_wconf 86' lang='grc' dir='ltr'><strong><em>τοδς</em></strong></span> <span class='ocrx_word' id='word_1_22' title='bbox 952 669 1131 750; x_wconf 78' lang='grc' dir='ltr'><strong><em>Ῥωμαίους</em></strong></span> <span class='ocrx_word' id='word_1_23' title='bbox 1153 664 1321 754; x_wconf 87' lang='grc' dir='ltr'><strong><em>γράμμασι</em></strong></span> 
     </span>
     <span class='ocr_line' id='line_1_5' title="bbox 132 761 1321 866; baseline -0.011 -24"><span class='ocrx_word' id='word_1_24' title='bbox 132 788 163 839; x_wconf 88' lang='lat' dir='ltr'><strong><em>V.</em></strong></span> <span class='ocrx_word' id='word_1_25' title='bbox 183 805 231 858; x_wconf 79' lang='lat'><strong><em>7⁰7</em></strong></span> <span class='ocrx_word' id='word_1_26' title='bbox 240 787 448 866; x_wconf 64' lang='lat' dir='ltr'><strong>petractatum</strong></span> <span class='ocrx_word' id='word_1_27' title='bbox 470 774 595 857; x_wconf 86' lang='grc' dir='ltr'><strong><em>συμβάν</em></strong></span> <span class='ocrx_word' id='word_1_28' title='bbox 605 775 640 838; x_wconf 80' lang='grc' dir='ltr'><strong><em>δέ</em></strong></span> <span class='ocrx_word' id='word_1_29' title='bbox 657 768 740 849; x_wconf 72' lang='lat' dir='ltr'><strong>otro</strong></span> <span class='ocrx_word' id='word_1_30' title='bbox 753 773 827 856; x_wconf 85' lang='grc' dir='ltr'><strong><em>περί</em></strong></span> <span class='ocrx_word' id='word_1_31' title='bbox 839 762 978 853; x_wconf 64' lang='grc' dir='ltr'><strong><em>Ἀβυδον</em></strong></span> <span class='ocrx_word' id='word_1_32' title='bbox 993 764 1178 853; x_wconf 75' lang='grc' dir='ltr'><strong><em>ἐφ’ἓτέραις</em></strong></span> <span class='ocrx_word' id='word_1_33' title='bbox 1189 761 1228 849; x_wconf 79' lang='grc' dir='ltr'><strong><em>δή</em></strong></span> <span class='ocrx_word' id='word_1_34' title='bbox 1241 787 1321 830; x_wconf 86' lang='grc' dir='ltr'><strong><em>τισιν</em></strong></span> 
     </span>
     <span class='ocr_line' id='line_1_6' title="bbox 243 862 1349 959; baseline -0.017 -13"><span class='ocrx_word' id='word_1_35' title='bbox 243 882 359 954; x_wconf 81' lang='grc' dir='ltr'><strong><em>αίτίαις</em></strong></span> <span class='ocrx_word' id='word_1_36' title='bbox 390 875 420 941; x_wconf 79' lang='grc' dir='ltr'><strong><em>οἱ</em></strong></span> <span class='ocrx_word' id='word_1_37' title='bbox 455 876 601 959; x_wconf 85' lang='grc' dir='ltr'><strong><em>πρέσβεις</em></strong></span> <span class='ocrx_word' id='word_1_38' title='bbox 633 870 839 953; x_wconf 77' lang='grc' dir='ltr'><strong><em>συντυχόντες</em></strong></span> <span class='ocrx_word' id='word_1_39' title='bbox 868 870 912 953; x_wconf 77' lang='grc' dir='ltr'><strong><em>τῷ</em></strong></span> <span class='ocrx_word' id='word_1_40' title='bbox 942 866 1076 953; x_wconf 78' lang='grc' dir='ltr'><strong><em>Ὀρχάνη</em></strong></span> <span class='ocrx_word' id='word_1_41' title='bbox 1108 862 1349 949; x_wconf 73' lang='grc' dir='ltr'><strong><em>διατριβοντι,5</em></strong></span> 
     </span>
     <span class='ocr_line' id='line_1_7' title="bbox 245 958 1321 1061; baseline -0.016 -18"><span class='ocrx_word' id='word_1_42' title='bbox 245 966 437 1061; x_wconf 75' lang='grc' dir='ltr'><strong><em>άπήγγελλον</em></strong></span> <span class='ocrx_word' id='word_1_43' title='bbox 457 972 515 1058; x_wconf 75' lang='grc' dir='ltr'><strong><em>την</em></strong></span> <span class='ocrx_word' id='word_1_44' title='bbox 533 971 713 1055; x_wconf 77' lang='grc' dir='ltr'><strong><em>πρεσβείαν.</em></strong></span> <span class='ocrx_word' id='word_1_45' title='bbox 732 965 882 1054; x_wconf 86' lang='grc' dir='ltr'><strong><em>Ὀρχάνης</em></strong></span> <span class='ocrx_word' id='word_1_46' title='bbox 903 965 939 1029; x_wconf 82' lang='grc' dir='ltr'><strong><em>δὲ</em></strong></span> <span class='ocrx_word' id='word_1_47' title='bbox 958 962 1163 1053; x_wconf 81' lang='grc' dir='ltr'><strong><em>ου’τίκα,(ναί</em></strong></span> <span class='ocrx_word' id='word_1_48' title='bbox 1173 962 1234 1047; x_wconf 81' lang='grc' dir='ltr'><strong><em>γὰρ</em></strong></span> <span class='ocrx_word' id='word_1_49' title='bbox 1250 958 1321 1027; x_wconf 79' lang='grc' dir='ltr'><strong><em>ἔτυ-</em></strong></span> 
     </span>
     <span class='ocr_line' id='line_1_8' title="bbox 242 1057 1321 1159; baseline -0.015 -19"><span class='ocrx_word' id='word_1_50' title='bbox 242 1100 300 1159; x_wconf 80' lang='grc' dir='ltr'><strong><em>χεν</em></strong></span> <span class='ocrx_word' id='word_1_51' title='bbox 327 1073 389 1159; x_wconf 66' lang='grc' dir='ltr'><strong><em>ἄρ’</em></strong></span> <span class='ocrx_word' id='word_1_52' title='bbox 405 1067 518 1155; x_wconf 73' lang='grc' dir='ltr'><strong><em>ἑτέρων</em></strong></span> <span class='ocrx_word' id='word_1_53' title='bbox 547 1071 746 1155; x_wconf 77' lang='grc' dir='ltr'><strong><em>σατραπειῶν</em></strong></span> <span class='ocrx_word' id='word_1_54' title='bbox 772 1060 964 1152; x_wconf 82' lang='grc' dir='ltr'><strong><em>η’θροισμὲνη</em></strong></span> <span class='ocrx_word' id='word_1_55' title='bbox 994 1060 1126 1148; x_wconf 88' lang='grc' dir='ltr'><strong><em>στρατιά</em></strong></span> <span class='ocrx_word' id='word_1_56' title='bbox 1150 1057 1321 1148; x_wconf 85' lang='grc' dir='ltr'><strong><em>βαρβάρων</em></strong></span> 
     </span>
     <span class='ocr_line' id='line_1_9' title="bbox 245 1158 1321 1260; baseline -0.012 -21"><span class='ocrx_word' id='word_1_57' title='bbox 245 1172 320 1260; x_wconf 84' lang='grc' dir='ltr'><strong><em>περί</em></strong></span> <span class='ocrx_word' id='word_1_58' title='bbox 336 1171 607 1252; x_wconf 83' lang='grc' dir='ltr'><strong><em>πεντακισχιλίους</em></strong></span> <span class='ocrx_word' id='word_1_59' title='bbox 618 1169 672 1233; x_wconf 82' lang='grc' dir='ltr'><strong><em>καί</em></strong></span> <span class='ocrx_word' id='word_1_60' title='bbox 683 1168 818 1250; x_wconf 87' lang='grc' dir='ltr'><strong><em>δεομένη</em></strong></span> <span class='ocrx_word' id='word_1_61' title='bbox 838 1165 1055 1249; x_wconf 75' lang='grc' dir='ltr'><strong><em>περαιωθῆναι</em></strong></span> <span class='ocrx_word' id='word_1_62' title='bbox 1066 1160 1146 1248; x_wconf 79' lang='grc' dir='ltr'><strong><em>πράς</em></strong></span> <span class='ocrx_word' id='word_1_63' title='bbox 1166 1158 1321 1246; x_wconf 77' lang='grc' dir='ltr'><strong><em>τὴνΘρᾴ-</em></strong></span> 
     </span>
     <span class='ocr_line' id='line_1_10' title="bbox 245 1259 1323 1358; baseline -0.015 -20"><span class='ocrx_word' id='word_1_64' title='bbox 245 1297 303 1358; x_wconf 82' lang='grc' dir='ltr'><strong><em>νην</em></strong></span> <span class='ocrx_word' id='word_1_65' title='bbox 316 1322 327 1353; x_wconf 91' lang='grc'><strong><em>,</em></strong></span> <span class='ocrx_word' id='word_1_66' title='bbox 340 1268 383 1347; x_wconf 85' lang='grc' dir='ltr'><strong><em>ῶς</em></strong></span> <span class='ocrx_word' id='word_1_67' title='bbox 400 1272 445 1346; x_wconf 81' lang='grc' dir='ltr'><strong><em>εἰς</em></strong></span> <span class='ocrx_word' id='word_1_68' title='bbox 459 1271 593 1335; x_wconf 86' lang='grc' dir='ltr'><strong><em>Μυσίαν</em></strong></span> <span class='ocrx_word' id='word_1_69' title='bbox 614 1268 669 1331; x_wconf 83' lang='grc' dir='ltr'><strong><em>ε’πί</em></strong></span> <span class='ocrx_word' id='word_1_70' title='bbox 684 1262 831 1350; x_wconf 76' lang='grc' dir='ltr'><strong><em>λεηλασίᾳ</em></strong></span> <span class='ocrx_word' id='word_1_71' title='bbox 852 1263 1035 1345; x_wconf 74' lang='grc' dir='ltr'><strong><em>ἐμβαλοῦσα</em></strong></span> <span class='ocrx_word' id='word_1_72' title='bbox 1046 1265 1072 1348; x_wconf 88' lang='grc'><strong><em>,)</em></strong></span> <span class='ocrx_word' id='word_1_73' title='bbox 1084 1264 1139 1327; x_wconf 84' lang='grc' dir='ltr'><strong><em>καί</em></strong></span> <span class='ocrx_word' id='word_1_74' title='bbox 1155 1264 1215 1349; x_wconf 68' lang='lat' dir='ltr'><strong><em>suiv</em></strong></span> <span class='ocrx_word' id='word_1_75' title='bbox 1229 1259 1323 1324; x_wconf 81' lang='grc' dir='ltr'><strong><em>οἰκεί-</em></strong></span> 
     </span>
     <span class='ocr_line' id='line_1_11' title="bbox 150 1359 1376 1450; baseline -0.02 -13"><span class='ocrx_word' id='word_1_76' title='bbox 150 1374 236 1439; x_wconf 70' lang='lat' dir='ltr'><strong>utut</strong></span> <span class='ocrx_word' id='word_1_77' title='bbox 245 1396 291 1438; x_wconf 90' lang='grc' dir='ltr'><strong><em>ων</em></strong></span> <span class='ocrx_word' id='word_1_78' title='bbox 310 1369 400 1447; x_wconf 83' lang='grc' dir='ltr'><strong><em>τινάς</em></strong></span> <span class='ocrx_word' id='word_1_79' title='bbox 414 1369 574 1450; x_wconf 84' lang='grc' dir='ltr'><strong><em>συμμίξας</em></strong></span> <span class='ocrx_word' id='word_1_80' title='bbox 594 1363 650 1430; x_wconf 78' lang='grc' dir='ltr'><strong><em>καί</em></strong></span> <span class='ocrx_word' id='word_1_81' title='bbox 676 1361 849 1450; x_wconf 81' lang='grc' dir='ltr'><strong><em>στρατηγὸν</em></strong></span> <span class='ocrx_word' id='word_1_82' title='bbox 880 1363 936 1427; x_wconf 72' lang='grc' dir='ltr'><strong><em>ἕνα</em></strong></span> <span class='ocrx_word' id='word_1_83' title='bbox 959 1359 1127 1445; x_wconf 76' lang='grc' dir='ltr'><strong><em>ἐπιστήσας</em></strong></span> <span class='ocrx_word' id='word_1_84' title='bbox 1150 1360 1258 1434; x_wconf 75' lang='grc' dir='ltr'><strong><em>αάτοίς</em></strong></span> <span class='ocrx_word' id='word_1_85' title='bbox 1287 1359 1376 1424; x_wconf 69' lang='lat' dir='ltr'><strong>isso.</strong></span> 
     </span>
     <span class='ocr_line' id='line_1_12' title="bbox 245 1456 1323 1549; baseline -0.014 -13"><span class='ocrx_word' id='word_1_86' title='bbox 245 1472 310 1536; x_wconf 87' lang='grc' dir='ltr'><strong><em>τῶν</em></strong></span> <span class='ocrx_word' id='word_1_87' title='bbox 331 1470 433 1533; x_wconf 80' lang='grc' dir='ltr'><strong><em>ου’τοῶ</em></strong></span> <span class='ocrx_word' id='word_1_88' title='bbox 442 1517 453 1549; x_wconf 87' lang='grc'><strong><em>,</em></strong></span> <span class='ocrx_word' id='word_1_89' title='bbox 490 1474 555 1542; x_wconf 84' lang='grc' dir='ltr'><strong><em>τοῖς</em></strong></span> <span class='ocrx_word' id='word_1_90' title='bbox 574 1466 729 1548; x_wconf 86' lang='grc' dir='ltr'><strong><em>βασιλέως</em></strong></span> <span class='ocrx_word' id='word_1_91' title='bbox 754 1463 922 1546; x_wconf 79' lang='grc' dir='ltr'><strong><em>πρέσβεσιν</em></strong></span> <span class='ocrx_word' id='word_1_92' title='bbox 939 1461 1061 1525; x_wconf 79' lang='grc' dir='ltr'><strong><em>ἐκέλευε</em></strong></span> <span class='ocrx_word' id='word_1_93' title='bbox 1076 1456 1323 1543; x_wconf 71' lang='grc' dir='ltr'><strong><em>«παραλαβόντας</em></strong></span> 
     </span>
     <span class='ocr_line' id='line_1_13' title="bbox 245 1554 1322 1653; baseline -0.012 -21"><span class='ocrx_word' id='word_1_94' title='bbox 245 1569 482 1653; x_wconf 74' lang='grc' dir='ltr'><strong><em>περαιοῦσθαι,</em></strong></span> <span class='ocrx_word' id='word_1_95' title='bbox 501 1561 559 1646; x_wconf 76' lang='grc' dir='ltr'><strong><em>την</em></strong></span> <span class='ocrx_word' id='word_1_96' title='bbox 580 1567 640 1645; x_wconf 81' lang='grc' dir='ltr'><strong><em>μέν</em></strong></span> <span class='ocrx_word' id='word_1_97' title='bbox 660 1563 763 1627; x_wconf 78' lang='grc' dir='ltr'><strong><em>αἰτίαν</em></strong></span> <span class='ocrx_word' id='word_1_98' title='bbox 783 1560 902 1644; x_wconf 84' lang='grc' dir='ltr'><strong><em>άγνοῶν</em></strong></span> <span class='ocrx_word' id='word_1_99' title='bbox 921 1559 976 1641; x_wconf 81' lang='grc' dir='ltr'><strong><em>τῆς</em></strong></span> <span class='ocrx_word' id='word_1_100' title='bbox 995 1559 1149 1640; x_wconf 86' lang='grc' dir='ltr'><strong><em>βασιλέως</em></strong></span> <span class='ocrx_word' id='word_1_101' title='bbox 1166 1554 1221 1621; x_wconf 65' lang='lat' dir='ltr'><strong><em>lus*</em></strong></span> <span class='ocrx_word' id='word_1_102' title='bbox 1246 1561 1322 1639; x_wconf 87' lang='grc' dir='ltr'><strong><em>Τρι-</em></strong></span> 
     </span>
     <span class='ocr_line' id='line_1_14' title="bbox 246 1651 1324 1748; baseline -0.01 -19"><span class='ocrx_word' id='word_1_103' title='bbox 246 1662 363 1748; x_wconf 82' lang='grc' dir='ltr'><strong><em>βαλοδς</em></strong></span> <span class='ocrx_word' id='word_1_104' title='bbox 387 1662 571 1746; x_wconf 80' lang='grc' dir='ltr'><strong><em>στρατείας,</em></strong></span> <span class='ocrx_word' id='word_1_105' title='bbox 600 1662 735 1742; x_wconf 76' lang='grc' dir='ltr'><strong><em>νομίζων</em></strong></span> <span class='ocrx_word' id='word_1_106' title='bbox 759 1660 806 1737; x_wconf 83' lang='grc' dir='ltr'><strong><em>δέ,</em></strong></span> <span class='ocrx_word' id='word_1_107' title='bbox 834 1657 941 1732; x_wconf 87' lang='grc' dir='ltr'><strong><em>άπλῶς</em></strong></span> <span class='ocrx_word' id='word_1_108' title='bbox 965 1653 1063 1722; x_wconf 77' lang='grc' dir='ltr'><strong><em>αὐτὸν</em></strong></span> <span class='ocrx_word' id='word_1_109' title='bbox 1095 1651 1149 1722; x_wconf 72' lang='lat' dir='ltr'><strong>tri</strong></span> <span class='ocrx_word' id='word_1_110' title='bbox 1175 1652 1324 1741; x_wconf 61' lang='grc' dir='ltr'><strong><em>λεηλασιρι</em></strong></span> 
     </span>
     <span class='ocr_line' id='line_1_15' title="bbox 245 1749 1495 1847; baseline -0.01 -19"><span class='ocrx_word' id='word_1_111' title='bbox 245 1766 307 1828; x_wconf 88' lang='grc' dir='ltr'><strong><em>τῶν</em></strong></span> <span class='ocrx_word' id='word_1_112' title='bbox 325 1757 506 1846; x_wconf 87' lang='grc' dir='ltr'><strong><em>βαρβάρων.</em></strong></span> <span class='ocrx_word' id='word_1_113' title='bbox 548 1756 697 1842; x_wconf 82' lang='grc' dir='ltr'><strong><em>βασιλεάς</em></strong></span> <span class='ocrx_word' id='word_1_114' title='bbox 718 1759 754 1823; x_wconf 80' lang='grc' dir='ltr'><strong><em>δέ</em></strong></span> <span class='ocrx_word' id='word_1_115' title='bbox 773 1754 850 1823; x_wconf 85' lang='grc' dir='ltr'><strong><em>ίδῶν</em></strong></span> <span class='ocrx_word' id='word_1_116' title='bbox 865 1750 947 1822; x_wconf 72' lang='grc' dir='ltr'><strong><em>οὕτω</em></strong></span> <span class='ocrx_word' id='word_1_117' title='bbox 966 1756 1101 1839; x_wconf 81' lang='grc' dir='ltr'><strong><em>τάχιστα</em></strong></span> <span class='ocrx_word' id='word_1_118' title='bbox 1122 1752 1180 1841; x_wconf 75' lang='grc' dir='ltr'><strong><em>την</em></strong></span> <span class='ocrx_word' id='word_1_119' title='bbox 1201 1749 1324 1839; x_wconf 84' lang='grc' dir='ltr'><strong><em>βαρβά-</em></strong></span> <span class='ocrx_word' id='word_1_120' title='bbox 1494 1838 1495 1847; x_wconf 15' lang='lat'>¹</span> 
     </span>
     <span class='ocr_line' id='line_1_16' title="bbox 248 1846 1381 1944; baseline -0.011 -19"><span class='ocrx_word' id='word_1_121' title='bbox 248 1854 313 1944; x_wconf 87' lang='grc' dir='ltr'><strong><em>ρων</em></strong></span> <span class='ocrx_word' id='word_1_122' title='bbox 342 1860 516 1944; x_wconf 71' lang='grc' dir='ltr'><strong><em>ἀφιγμένην</em></strong></span> <span class='ocrx_word' id='word_1_123' title='bbox 540 1854 706 1944; x_wconf 85' lang='grc' dir='ltr'><strong><em>στρατιάν,</em></strong></span> <span class='ocrx_word' id='word_1_124' title='bbox 735 1853 850 1939; x_wconf 84' lang='grc' dir='ltr'><strong><em>μαθῶν</em></strong></span> <span class='ocrx_word' id='word_1_125' title='bbox 878 1857 915 1920; x_wconf 78' lang='grc' dir='ltr'><strong><em>δέ</em></strong></span> <span class='ocrx_word' id='word_1_126' title='bbox 939 1856 995 1920; x_wconf 83' lang='grc' dir='ltr'><strong><em>καί</em></strong></span> <span class='ocrx_word' id='word_1_127' title='bbox 1016 1854 1059 1931; x_wconf 81' lang='grc' dir='ltr'><strong><em>ῶς</em></strong></span> <span class='ocrx_word' id='word_1_128' title='bbox 1076 1855 1110 1919; x_wconf 77' lang='grc' dir='ltr'><strong><em>έν</em></strong></span> <span class='ocrx_word' id='word_1_129' title='bbox 1134 1855 1257 1918; x_wconf 87' lang='grc' dir='ltr'><strong><em>πολλῶν</em></strong></span> <span class='ocrx_word' id='word_1_130' title='bbox 1275 1848 1323 1936; x_wconf 87' lang='grc' dir='ltr'><strong><em>εἴη</em></strong></span> <span class='ocrx_word' id='word_1_131' title='bbox 1336 1846 1381 1921; x_wconf 68' lang='grc'><strong><em>[5.</em></strong></span> 
     </span>
     <span class='ocr_line' id='line_1_17' title="bbox 247 1943 1324 2044; baseline -0.008 -20"><span class='ocrx_word' id='word_1_132' title='bbox 247 1960 446 2044; x_wconf 76' lang='grc' dir='ltr'><strong><em>σατραπειῶν</em></strong></span> <span class='ocrx_word' id='word_1_133' title='bbox 462 1945 692 2040; x_wconf 71' lang='grc' dir='ltr'><strong><em>συνειλεγμένη,</em></strong></span> <span class='ocrx_word' id='word_1_134' title='bbox 717 1951 859 2039; x_wconf 76' lang='grc' dir='ltr'><strong><em>θορύβου</em></strong></span> <span class='ocrx_word' id='word_1_135' title='bbox 880 1953 935 2018; x_wconf 77' lang='grc' dir='ltr'><strong><em>καί</em></strong></span> <span class='ocrx_word' id='word_1_136' title='bbox 956 1948 1097 2036; x_wconf 78' lang='grc' dir='ltr'><strong><em>άθυμάες</em></strong></span> <span class='ocrx_word' id='word_1_137' title='bbox 1123 1943 1163 2038; x_wconf 82' lang='grc' dir='ltr'><strong><em>ἦν</em></strong></span> <span class='ocrx_word' id='word_1_138' title='bbox 1187 1947 1324 2033; x_wconf 84' lang='grc' dir='ltr'><strong><em>μεστάς,</em></strong></span> 
     </span>
     <span class='ocr_line' id='line_1_18' title="bbox 203 2049 1325 2140; baseline -0.004 -21"><span class='ocrx_word' id='word_1_139' title='bbox 203 2112 207 2119; x_wconf 95' lang='grc'>.</span> <span class='ocrx_word' id='word_1_140' title='bbox 247 2061 336 2123; x_wconf 80' lang='grc' dir='ltr'><strong><em>τοῦτο</em></strong></span> <span class='ocrx_word' id='word_1_141' title='bbox 356 2059 417 2139; x_wconf 81' lang='grc' dir='ltr'><strong><em>μέν</em></strong></span> <span class='ocrx_word' id='word_1_142' title='bbox 437 2053 513 2132; x_wconf 83' lang='grc' dir='ltr'><strong><em>τοάς</em></strong></span> <span class='ocrx_word' id='word_1_143' title='bbox 544 2054 728 2139; x_wconf 82' lang='grc' dir='ltr'><strong><em>βαρβάρους</em></strong></span> <span class='ocrx_word' id='word_1_144' title='bbox 753 2051 961 2134; x_wconf 70' lang='grc' dir='ltr'><strong><em>ὑποπτεύων,</em></strong></span> <span class='ocrx_word' id='word_1_145' title='bbox 981 2049 1024 2129; x_wconf 87' lang='grc' dir='ltr'><strong><em>ῶς</em></strong></span> <span class='ocrx_word' id='word_1_146' title='bbox 1043 2052 1134 2117; x_wconf 74' lang='grc' dir='ltr'><strong><em>οὐδέν</em></strong></span> <span class='ocrx_word' id='word_1_147' title='bbox 1155 2051 1241 2140; x_wconf 64' lang='lat' dir='ltr'><strong>uisui</strong></span> <span class='ocrx_word' id='word_1_148' title='bbox 1263 2052 1325 2115; x_wconf 89' lang='grc' dir='ltr'><strong><em>τῶν</em></strong></span> 
     </span>
     <span class='ocr_line' id='line_1_19' title="bbox 247 2141 1327 2241; baseline -0.007 -20"><span class='ocrx_word' id='word_1_149' title='bbox 247 2155 329 2221; x_wconf 82' lang='grc' dir='ltr'><strong><em>κατά</em></strong></span> <span class='ocrx_word' id='word_1_150' title='bbox 352 2141 478 2239; x_wconf 77' lang='grc' dir='ltr'><strong><em>γνώμην</em></strong></span> <span class='ocrx_word' id='word_1_151' title='bbox 506 2151 661 2241; x_wconf 80' lang='grc' dir='ltr'><strong><em>πράξουσι</em></strong></span> <span class='ocrx_word' id='word_1_152' title='bbox 683 2156 774 2228; x_wconf 83' lang='grc' dir='ltr'><strong><em>δέους</em></strong></span> <span class='ocrx_word' id='word_1_153' title='bbox 795 2152 1046 2236; x_wconf 75' lang='grc' dir='ltr'><strong><em>ἀπηλλαγμένοι,</em></strong></span> <span class='ocrx_word' id='word_1_154' title='bbox 1075 2142 1177 2238; x_wconf 76' lang='grc' dir='ltr'><strong><em>δφόὗ</em></strong></span> <span class='ocrx_word' id='word_1_155' title='bbox 1194 2151 1327 2234; x_wconf 80' lang='grc' dir='ltr'><strong><em>μετρίους</em></strong></span> 
     </span>
     <span class='ocr_line' id='line_1_20' title="bbox 249 2247 1325 2332; baseline -0.007 -13"><span class='ocrx_word' id='word_1_156' title='bbox 249 2247 289 2319; x_wconf 84' lang='grc' dir='ltr'><strong><em>άν</em></strong></span> <span class='ocrx_word' id='word_1_157' title='bbox 310 2253 470 2320; x_wconf 72' lang='grc' dir='ltr'><strong><em>ἐπείθοντο</em></strong></span> <span class='ocrx_word' id='word_1_158' title='bbox 489 2252 643 2328; x_wconf 75' lang='grc' dir='ltr'><strong><em>εὐτάκτως</em></strong></span> <span class='ocrx_word' id='word_1_159' title='bbox 662 2250 796 2317; x_wconf 75' lang='grc' dir='ltr'><strong><em>ἕπεσθαι</em></strong></span> <span class='ocrx_word' id='word_1_160' title='bbox 829 2250 885 2315; x_wconf 83' lang='grc' dir='ltr'><strong><em>καί</em></strong></span> <span class='ocrx_word' id='word_1_161' title='bbox 910 2249 990 2332; x_wconf 87' lang='grc' dir='ltr'><strong><em>μετά</em></strong></span> <span class='ocrx_word' id='word_1_162' title='bbox 1012 2248 1153 2332; x_wconf 76' lang='grc' dir='ltr'><strong><em>κόσμου,</em></strong></span> <span class='ocrx_word' id='word_1_163' title='bbox 1181 2249 1273 2314; x_wconf 74' lang='grc' dir='ltr'><strong><em>τοῦτο</em></strong></span> <span class='ocrx_word' id='word_1_164' title='bbox 1297 2249 1325 2311; x_wconf 88' lang='grc' dir='ltr'><strong><em>δ’</em></strong></span> 
     </span>
     <span class='ocr_line' id='line_1_21' title="bbox 252 2344 1376 2436; baseline -0.004 -19"><span class='ocrx_word' id='word_1_165' title='bbox 252 2348 299 2418; x_wconf 80' lang='grc' dir='ltr'><strong><em>ὅτι</em></strong></span> <span class='ocrx_word' id='word_1_166' title='bbox 319 2350 375 2418; x_wconf 77' lang='grc' dir='ltr'><strong><em>καί</em></strong></span> <span class='ocrx_word' id='word_1_167' title='bbox 401 2353 422 2436; x_wconf 78' lang='grc' dir='ltr'><em>ἦ</em></span> <span class='ocrx_word' id='word_1_168' title='bbox 446 2350 613 2432; x_wconf 83' lang='grc' dir='ltr'><strong><em>Ῥωμαίων</em></strong></span> <span class='ocrx_word' id='word_1_169' title='bbox 643 2348 779 2435; x_wconf 87' lang='grc' dir='ltr'><strong><em>στρατιά</em></strong></span> <span class='ocrx_word' id='word_1_170' title='bbox 802 2346 962 2424; x_wconf 73' lang='grc' dir='ltr'><strong><em>ἀδυνάτως</em></strong></span> <span class='ocrx_word' id='word_1_171' title='bbox 989 2344 1074 2433; x_wconf 76' lang='grc' dir='ltr'><strong><em>εἶχεν</em></strong></span> <span class='ocrx_word' id='word_1_172' title='bbox 1093 2350 1302 2435; x_wconf 69' lang='grc' dir='ltr'><strong><em>ἀθροισθῆναι</em></strong></span> <span class='ocrx_word' id='word_1_173' title='bbox 1315 2371 1376 2413; x_wconf 81' lang='lat' dir='ltr'><strong><em>·ao</em></strong></span> 
     </span>
     <span class='ocr_line' id='line_1_22' title="bbox 221 2441 1326 2535; baseline -0.007 -19"><span class='ocrx_word' id='word_1_174' title='bbox 221 2453 286 2523; x_wconf 52' lang='lat' dir='ltr'><strong>Bor</strong></span> <span class='ocrx_word' id='word_1_175' title='bbox 313 2450 480 2535; x_wconf 76' lang='grc' dir='ltr'><strong><em>τριάκοντα</em></strong></span> <span class='ocrx_word' id='word_1_176' title='bbox 512 2447 573 2535; x_wconf 84' lang='grc' dir='ltr'><strong><em>γάρ</em></strong></span> <span class='ocrx_word' id='word_1_177' title='bbox 596 2448 731 2532; x_wconf 75' lang='grc' dir='ltr'><strong><em>η’μέραις</em></strong></span> <span class='ocrx_word' id='word_1_178' title='bbox 750 2445 852 2531; x_wconf 82' lang='grc' dir='ltr'><strong><em>εἴρητο</em></strong></span> <span class='ocrx_word' id='word_1_179' title='bbox 882 2447 989 2522; x_wconf 71' lang='grc' dir='ltr'><strong><em>αὐτοῖς</em></strong></span> <span class='ocrx_word' id='word_1_180' title='bbox 1012 2443 1095 2512; x_wconf 79' lang='grc' dir='ltr'><strong><em>εἶναι</em></strong></span> <span class='ocrx_word' id='word_1_181' title='bbox 1118 2444 1196 2532; x_wconf 85' lang='grc' dir='ltr'><strong><em>πρὸς</em></strong></span> <span class='ocrx_word' id='word_1_182' title='bbox 1216 2441 1326 2509; x_wconf 83' lang='grc' dir='ltr'><strong><em>αάτέν.</em></strong></span> 
     </span>
     <span class='ocr_line' id='line_1_23' title="bbox 250 2540 1387 2633; baseline -0.007 -20"><span class='ocrx_word' id='word_1_183' title='bbox 250 2552 447 2631; x_wconf 84' lang='grc' dir='ltr'><strong><em>πειρωμένου</em></strong></span> <span class='ocrx_word' id='word_1_184' title='bbox 469 2549 505 2614; x_wconf 82' lang='grc' dir='ltr'><strong><em>δέ</em></strong></span> <span class='ocrx_word' id='word_1_185' title='bbox 525 2548 756 2631; x_wconf 80' lang='grc' dir='ltr'><strong><em>παρακατέχειν</em></strong></span> <span class='ocrx_word' id='word_1_186' title='bbox 778 2544 854 2623; x_wconf 85' lang='grc' dir='ltr'><strong><em>τοάς</em></strong></span> <span class='ocrx_word' id='word_1_187' title='bbox 887 2542 1071 2633; x_wconf 77' lang='grc' dir='ltr'><strong><em>βαρβάρους</em></strong></span> <span class='ocrx_word' id='word_1_188' title='bbox 1099 2548 1153 2612; x_wconf 76' lang='grc' dir='ltr'><strong><em>κατ’</em></strong></span> <span class='ocrx_word' id='word_1_189' title='bbox 1173 2543 1228 2608; x_wconf 84' lang='grc' dir='ltr'><strong><em>τὸν</em></strong></span> <span class='ocrx_word' id='word_1_190' title='bbox 1248 2540 1328 2628; x_wconf 84' lang='grc' dir='ltr'><strong><em>χρό-</em></strong></span> <span class='ocrx_word' id='word_1_191' title='bbox 1385 2568 1387 2571; x_wconf 94' lang='grc'><strong><em>·</em></strong></span> 
     </span>
     <span class='ocr_line' id='line_1_24' title="bbox 250 2640 1326 2730; baseline -0.005 -18"><span class='ocrx_word' id='word_1_192' title='bbox 250 2668 305 2712; x_wconf 91' lang='grc' dir='ltr'><strong><em>νον</em></strong></span> <span class='ocrx_word' id='word_1_193' title='bbox 325 2640 477 2727; x_wconf 68' lang='lat' dir='ltr'><strong>oratoris,</strong></span> <span class='ocrx_word' id='word_1_194' title='bbox 507 2640 679 2730; x_wconf 88' lang='grc' dir='ltr'><strong><em>η’πείλησαν</em></strong></span> <span class='ocrx_word' id='word_1_195' title='bbox 700 2648 811 2710; x_wconf 83' lang='grc' dir='ltr'><strong><em>έκεῖνοι</em></strong></span> <span class='ocrx_word' id='word_1_196' title='bbox 831 2641 885 2730; x_wconf 68' lang='grc' dir='ltr'><strong><em>τὴν</em></strong></span> <span class='ocrx_word' id='word_1_197' title='bbox 906 2646 1009 2709; x_wconf 70' lang='lat' dir='ltr'><strong>oritoni</strong></span> <span class='ocrx_word' id='word_1_198' title='bbox 1034 2644 1326 2728; x_wconf 79' lang='grc' dir='ltr'><strong><em>καταδραμεῑσθαι,</em></strong></span> 
     </span>
    </p>
   </div>
   <div class='ocr_carea' id='block_1_3' title="bbox 319 2802 726 2896">
    <p class='ocr_par' dir='ltr' id='par_1_3' title="bbox 319 2802 726 2896">
     <span class='ocr_line' id='line_1_25' title="bbox 319 2802 726 2896; baseline 0 -40"><span class='ocrx_word' id='word_1_199' title='bbox 319 2803 403 2896; x_wconf 23' lang='grc' dir='ltr'><strong><em>9,τῷ</em></strong></span> <span class='ocrx_word' id='word_1_200' title='bbox 422 2805 450 2858; x_wconf 80' lang='grc' dir='ltr'><strong><em>Ρ.</em></strong></span> <span class='ocrx_word' id='word_1_201' title='bbox 523 2805 564 2883; x_wconf 74' lang='lat' dir='ltr'><strong><em>ab.</em></strong></span> <span class='ocrx_word' id='word_1_202' title='bbox 580 2802 612 2857; x_wconf 75' lang='grc' dir='ltr'><strong><em>ἔτι</em></strong></span> <span class='ocrx_word' id='word_1_203' title='bbox 631 2820 682 2857; x_wconf 80' lang='lat' dir='ltr'><strong>om.</strong></span> <span class='ocrx_word' id='word_1_204' title='bbox 700 2803 726 2856; x_wconf 84' lang='grc' dir='ltr'><strong><em>Ρ.</em></strong></span> 
     </span>
    </p>
   </div>
   <div class='ocr_carea' id='block_1_4' title="bbox 154 2930 1332 4275">
    <p class='ocr_par' dir='ltr' id='par_1_4' title="bbox 154 2930 1332 4275">
     <span class='ocr_line' id='line_1_26' title="bbox 253 2930 1328 3006; baseline 0.004 -21"><span class='ocrx_word' id='word_1_205' title='bbox 253 2934 301 2987; x_wconf 86' lang='lat' dir='ltr'><strong>dos</strong></span> <span class='ocrx_word' id='word_1_206' title='bbox 322 2930 451 2986; x_wconf 84' lang='lat' dir='ltr'><strong>credebat</strong></span> <span class='ocrx_word' id='word_1_207' title='bbox 464 2933 594 2994; x_wconf 82' lang='lat' dir='ltr'><strong>sufficere.</strong></span> <span class='ocrx_word' id='word_1_208' title='bbox 629 2934 698 2987; x_wconf 84' lang='lat' dir='ltr'><strong><em>Cum</em></strong></span> <span class='ocrx_word' id='word_1_209' title='bbox 710 2935 840 2989; x_wconf 86' lang='lat' dir='ltr'><strong>Triballis</strong></span> <span class='ocrx_word' id='word_1_210' title='bbox 861 2936 943 3006; x_wconf 76' lang='lat' dir='ltr'><strong>igitur</strong></span> <span class='ocrx_word' id='word_1_211' title='bbox 955 2952 989 2993; x_wconf 82' lang='grc' dir='ltr'><strong><em>,τε</em></strong></span> <span class='ocrx_word' id='word_1_212' title='bbox 1006 2936 1201 2993; x_wconf 69' lang='lat' dir='ltr'><strong><em>advocantibus</em></strong></span> <span class='ocrx_word' id='word_1_213' title='bbox 1220 2938 1258 2989; x_wconf 82' lang='lat' dir='ltr'><strong><em>ita</em></strong></span> <span class='ocrx_word' id='word_1_214' title='bbox 1276 2951 1328 3005; x_wconf 81' lang='lat' dir='ltr'><strong><em>pe-</em></strong></span> 
     </span>
     <span class='ocr_line' id='line_1_27' title="bbox 250 2998 1328 3078; baseline 0.005 -25"><span class='ocrx_word' id='word_1_215' title='bbox 250 2998 339 3074; x_wconf 77' lang='lat' dir='ltr'><strong>pigit:</strong></span> <span class='ocrx_word' id='word_1_216' title='bbox 359 3005 556 3076; x_wconf 73' lang='lat' dir='ltr'>confestimque</span> <span class='ocrx_word' id='word_1_217' title='bbox 574 3005 656 3057; x_wconf 82' lang='lat' dir='ltr'><strong>missa</strong></span> <span class='ocrx_word' id='word_1_218' title='bbox 674 3006 810 3074; x_wconf 64' lang='lat' dir='ltr'><strong>legatione</strong></span> <span class='ocrx_word' id='word_1_219' title='bbox 826 3005 861 3058; x_wconf 85' lang='lat' dir='ltr'><strong><em>ad</em></strong></span> <span class='ocrx_word' id='word_1_220' title='bbox 872 3007 1037 3072; x_wconf 88' lang='lat' dir='ltr'><strong>Orobanem,</strong></span> <span class='ocrx_word' id='word_1_221' title='bbox 1053 3009 1168 3063; x_wconf 79' lang='lat' dir='ltr'><strong>militem</strong></span> <span class='ocrx_word' id='word_1_222' title='bbox 1186 3025 1223 3078; x_wconf 87' lang='lat' dir='ltr'><strong>po</strong></span> <span class='ocrx_word' id='word_1_223' title='bbox 1242 3007 1328 3070; x_wconf 86' lang='lat' dir='ltr'><strong>oaeit,</strong></span> 
     </span>
     <span class='ocr_line' id='line_1_28' title="bbox 253 3024 1328 3148; baseline 0.004 -24"><span class='ocrx_word' id='word_1_224' title='bbox 253 3082 282 3125; x_wconf 92' lang='lat' dir='ltr'><strong>et</strong></span> <span class='ocrx_word' id='word_1_225' title='bbox 298 3077 429 3126; x_wconf 80' lang='lat' dir='ltr'><strong>Romanos</strong></span> <span class='ocrx_word' id='word_1_226' title='bbox 447 3090 496 3142; x_wconf 89' lang='lat' dir='ltr'><strong>per</strong></span> <span class='ocrx_word' id='word_1_227' title='bbox 516 3076 620 3127; x_wconf 82' lang='lat' dir='ltr'><strong>litteras</strong></span> <span class='ocrx_word' id='word_1_228' title='bbox 638 3078 733 3143; x_wconf 73' lang='lat' dir='ltr'><strong>coegit</strong></span> <span class='ocrx_word' id='word_1_229' title='bbox 755 3075 836 3129; x_wconf 81' lang='lat' dir='ltr'><strong>Forte</strong></span> <span class='ocrx_word' id='word_1_230' title='bbox 853 3074 962 3130; x_wconf 78' lang='lat' dir='ltr'><strong>lurtum</strong></span> <span class='ocrx_word' id='word_1_231' title='bbox 980 3079 1132 3132; x_wconf 83' lang='lat' dir='ltr'><strong>Orcbauem</strong></span> <span class='ocrx_word' id='word_1_232' title='bbox 1160 3024 1240 3148; x_wconf 68' lang='grc' dir='ltr'><strong><em>ιριιῶ</em></strong></span> <span class='ocrx_word' id='word_1_233' title='bbox 1250 3076 1328 3144; x_wconf 77' lang='lat' dir='ltr'><strong>luy·</strong></span> 
     </span>
     <span class='ocr_line' id='line_1_29' title="bbox 255 3143 1328 3220; baseline 0.006 -26"><span class='ocrx_word' id='word_1_234' title='bbox 255 3145 321 3194; x_wconf 90' lang='lat' dir='ltr'><strong><em>dum</em></strong></span> <span class='ocrx_word' id='word_1_235' title='bbox 348 3144 411 3194; x_wconf 85' lang='lat' dir='ltr'><strong>aliis</strong></span> <span class='ocrx_word' id='word_1_236' title='bbox 436 3143 602 3212; x_wconf 79' lang='lat' dir='ltr'><strong>quibusdam</strong></span> <span class='ocrx_word' id='word_1_237' title='bbox 626 3147 661 3199; x_wconf 88' lang='lat' dir='ltr'><strong><em>de</em></strong></span> <span class='ocrx_word' id='word_1_238' title='bbox 690 3146 778 3199; x_wconf 85' lang='lat' dir='ltr'><strong>causis</strong></span> <span class='ocrx_word' id='word_1_239' title='bbox 803 3157 1013 3208; x_wconf 74' lang='lat' dir='ltr'><strong>commorantem</strong></span> <span class='ocrx_word' id='word_1_240' title='bbox 1035 3150 1117 3220; x_wconf 77' lang='lat' dir='ltr'><strong>legati</strong></span> <span class='ocrx_word' id='word_1_241' title='bbox 1139 3147 1328 3211; x_wconf 72' lang='lat' dir='ltr'><strong>conveniunt,</strong></span> 
     </span>
     <span class='ocr_line' id='line_1_30' title="bbox 253 3212 1330 3288; baseline 0.004 -24"><span class='ocrx_word' id='word_1_242' title='bbox 253 3212 419 3280; x_wconf 81' lang='lat' dir='ltr'><strong>legationem</strong></span> <span class='ocrx_word' id='word_1_243' title='bbox 448 3225 596 3283; x_wconf 83' lang='lat' dir='ltr'><strong>exponunt.</strong></span> <span class='ocrx_word' id='word_1_244' title='bbox 639 3217 777 3269; x_wconf 86' lang='lat' dir='ltr'><strong>Orcbaues</strong></span> <span class='ocrx_word' id='word_1_245' title='bbox 802 3217 878 3269; x_wconf 91' lang='lat' dir='ltr'><strong>illico</strong></span> <span class='ocrx_word' id='word_1_246' title='bbox 911 3233 944 3271; x_wconf 82' lang='lat' dir='ltr'><strong><em>ex</em></strong></span> <span class='ocrx_word' id='word_1_247' title='bbox 966 3220 1028 3271; x_wconf 80' lang='lat' dir='ltr'><strong>aliia</strong></span> <span class='ocrx_word' id='word_1_248' title='bbox 1060 3220 1191 3288; x_wconf 78' lang='lat' dir='ltr'><strong>satrapiis</strong></span> <span class='ocrx_word' id='word_1_249' title='bbox 1219 3219 1330 3271; x_wconf 77' lang='lat' dir='ltr'><strong><em>circiter</em></strong></span> 
     </span>
     <span class='ocr_line' id='line_1_31' title="bbox 254 3283 1329 3400; baseline 0.009 -70"><span class='ocrx_word' id='word_1_250' title='bbox 254 3284 379 3400; x_wconf 70' lang='grc' dir='ltr'><strong><em>ηρὶαηαε</em></strong></span> <span class='ocrx_word' id='word_1_251' title='bbox 396 3283 514 3334; x_wconf 87' lang='lat' dir='ltr'><strong>millium</strong></span> <span class='ocrx_word' id='word_1_252' title='bbox 534 3284 711 3338; x_wconf 87' lang='lat' dir='ltr'><strong>barbarorum</strong></span> <span class='ocrx_word' id='word_1_253' title='bbox 730 3296 919 3357; x_wconf 73' lang='lat' dir='ltr'><strong>congregatum</strong></span> <span class='ocrx_word' id='word_1_254' title='bbox 940 3291 1104 3355; x_wconf 81' lang='lat' dir='ltr'><strong>enercltum,</strong></span> <span class='ocrx_word' id='word_1_255' title='bbox 1128 3291 1269 3343; x_wconf 87' lang='lat' dir='ltr'><strong>traiectum</strong></span> <span class='ocrx_word' id='word_1_256' title='bbox 1297 3289 1329 3340; x_wconf 88' lang='lat' dir='ltr'><strong><em>in</em></strong></span> 
     </span>
     <span class='ocr_line' id='line_1_32' title="bbox 255 3350 1330 3429; baseline 0.01 -29"><span class='ocrx_word' id='word_1_257' title='bbox 255 3350 397 3403; x_wconf 76' lang='lat' dir='ltr'><strong>&#39;bracium</strong></span> <span class='ocrx_word' id='word_1_258' title='bbox 416 3354 584 3421; x_wconf 84' lang='lat' dir='ltr'><strong>petentium,</strong></span> <span class='ocrx_word' id='word_1_259' title='bbox 610 3362 641 3406; x_wconf 87' lang='lat' dir='ltr'><strong>ut</strong></span> <span class='ocrx_word' id='word_1_260' title='bbox 657 3357 688 3408; x_wconf 88' lang='lat' dir='ltr'><strong><em>in</em></strong></span> <span class='ocrx_word' id='word_1_261' title='bbox 707 3357 837 3409; x_wconf 81' lang='lat' dir='ltr'><strong>Moesiam</strong></span> <span class='ocrx_word' id='word_1_262' title='bbox 861 3360 1021 3428; x_wconf 83' lang='lat' dir='ltr'><strong>populatum</strong></span> <span class='ocrx_word' id='word_1_263' title='bbox 1043 3363 1194 3423; x_wconf 82' lang='lat' dir='ltr'><strong>irruerent,</strong></span> <span class='ocrx_word' id='word_1_264' title='bbox 1220 3359 1330 3429; x_wconf 81' lang='lat' dir='ltr'><strong>aliquot</strong></span> 
     </span>
     <span class='ocr_line' id='line_1_33' title="bbox 154 3421 1330 3499; baseline 0.006 -25"><span class='ocrx_word' id='word_1_265' title='bbox 154 3456 157 3467; x_wconf 66' lang='grc'><strong>»</strong></span> <span class='ocrx_word' id='word_1_266' title='bbox 256 3421 291 3475; x_wconf 88' lang='lat' dir='ltr'><strong><em>de</em></strong></span> <span class='ocrx_word' id='word_1_267' title='bbox 318 3423 374 3474; x_wconf 87' lang='lat' dir='ltr'><strong>suis</strong></span> <span class='ocrx_word' id='word_1_268' title='bbox 402 3422 545 3485; x_wconf 83' lang='lat' dir='ltr'><strong>admixtis,</strong></span> <span class='ocrx_word' id='word_1_269' title='bbox 570 3422 638 3476; x_wconf 86' lang='lat' dir='ltr'><strong>duoe</strong></span> <span class='ocrx_word' id='word_1_270' title='bbox 657 3441 767 3496; x_wconf 86' lang='lat' dir='ltr'><strong>quoque</strong></span> <span class='ocrx_word' id='word_1_271' title='bbox 785 3427 820 3479; x_wconf 86' lang='lat' dir='ltr'><strong><em>de</em></strong></span> <span class='ocrx_word' id='word_1_272' title='bbox 837 3432 893 3481; x_wconf 86' lang='lat' dir='ltr'><strong>auis</strong></span> <span class='ocrx_word' id='word_1_273' title='bbox 912 3429 1027 3483; x_wconf 89' lang='lat' dir='ltr'><strong>ducibus</strong></span> <span class='ocrx_word' id='word_1_274' title='bbox 1045 3430 1200 3498; x_wconf 80' lang='lat' dir='ltr'><strong>praefecto,</strong></span> <span class='ocrx_word' id='word_1_275' title='bbox 1226 3429 1330 3499; x_wconf 69' lang='lat' dir='ltr'><strong>legatos</strong></span> 
     </span>
     <span class='ocr_line' id='line_1_34' title="bbox 254 3496 1332 3570; baseline 0.006 -26"><span class='ocrx_word' id='word_1_276' title='bbox 254 3506 392 3544; x_wconf 84' lang='lat' dir='ltr'><strong>assumere</strong></span> <span class='ocrx_word' id='word_1_277' title='bbox 424 3501 452 3545; x_wconf 85' lang='lat' dir='ltr'><strong>ct</strong></span> <span class='ocrx_word' id='word_1_278' title='bbox 484 3496 666 3546; x_wconf 71' lang='lat' dir='ltr'><strong><em>transmittere</em></strong></span> <span class='ocrx_word' id='word_1_279' title='bbox 690 3496 785 3561; x_wconf 85' lang='lat' dir='ltr'><strong>iussit,</strong></span> <span class='ocrx_word' id='word_1_280' title='bbox 815 3512 910 3551; x_wconf 84' lang='lat' dir='ltr'><strong>causae</strong></span> <span class='ocrx_word' id='word_1_281' title='bbox 946 3500 1129 3570; x_wconf 84' lang='lat' dir='ltr'><strong>expeditionis</strong></span> <span class='ocrx_word' id='word_1_282' title='bbox 1156 3501 1263 3553; x_wconf 85' lang='lat' dir='ltr'><strong>nescius</strong></span> <span class='ocrx_word' id='word_1_283' title='bbox 1300 3505 1332 3550; x_wconf 84' lang='lat' dir='ltr'><strong>ut</strong></span> 
     </span>
     <span class='ocr_line' id='line_1_35' title="bbox 255 3561 1330 3639; baseline 0.006 -26"><span class='ocrx_word' id='word_1_284' title='bbox 255 3561 417 3631; x_wconf 86' lang='lat' dir='ltr'><strong>simpliciter</strong></span> <span class='ocrx_word' id='word_1_285' title='bbox 435 3561 596 3626; x_wconf 82' lang='lat' dir='ltr'><strong>arbitratus,</strong></span> <span class='ocrx_word' id='word_1_286' title='bbox 608 3581 669 3616; x_wconf 83' lang='lat' dir='ltr'><strong><em>eum</em></strong></span> <span class='ocrx_word' id='word_1_287' title='bbox 687 3565 721 3618; x_wconf 86' lang='lat' dir='ltr'><strong><em>ad</em></strong></span> <span class='ocrx_word' id='word_1_288' title='bbox 734 3564 864 3621; x_wconf 85' lang='lat' dir='ltr'><strong>barbaros</strong></span> <span class='ocrx_word' id='word_1_289' title='bbox 882 3569 1088 3638; x_wconf 84' lang='lat' dir='ltr'><strong>depraedandos</strong></span> <span class='ocrx_word' id='word_1_290' title='bbox 1105 3570 1208 3623; x_wconf 85' lang='lat' dir='ltr'><strong>auxilia</strong></span> <span class='ocrx_word' id='word_1_291' title='bbox 1226 3576 1330 3639; x_wconf 83' lang='lat' dir='ltr'><strong>petere.</strong></span> 
     </span>
     <span class='ocr_line' id='line_1_36' title="bbox 255 3631 1330 3709; baseline 0.007 -26"><span class='ocrx_word' id='word_1_292' title='bbox 255 3631 411 3685; x_wconf 72' lang='lat' dir='ltr'><strong>Matthaeus</strong></span> <span class='ocrx_word' id='word_1_293' title='bbox 436 3641 491 3684; x_wconf 88' lang='lat' dir='ltr'><strong><em>tam</em></strong></span> <span class='ocrx_word' id='word_1_294' title='bbox 522 3643 634 3704; x_wconf 87' lang='lat' dir='ltr'><strong>repente</strong></span> <span class='ocrx_word' id='word_1_295' title='bbox 660 3635 801 3690; x_wconf 72' lang='lat' dir='ltr'><strong>adventur</strong></span> <span class='ocrx_word' id='word_1_296' title='bbox 818 3639 956 3692; x_wconf 82' lang='lat' dir='ltr'><strong>Persarum</strong></span> <span class='ocrx_word' id='word_1_297' title='bbox 975 3644 1067 3709; x_wconf 82' lang='lat' dir='ltr'><strong>copias</strong></span> <span class='ocrx_word' id='word_1_298' title='bbox 1086 3646 1217 3709; x_wconf 69' lang='lat' dir='ltr'><strong>cernens,</strong></span> <span class='ocrx_word' id='word_1_299' title='bbox 1234 3648 1263 3692; x_wconf 89' lang='lat' dir='ltr'><strong>et</strong></span> <span class='ocrx_word' id='word_1_300' title='bbox 1281 3641 1330 3691; x_wconf 91' lang='lat' dir='ltr'><strong><em>in·</em></strong></span> 
     </span>
     <span class='ocr_line' id='line_1_37' title="bbox 256 3703 1331 3795; baseline 0.007 -42"><span class='ocrx_word' id='word_1_301' title='bbox 256 3703 383 3765; x_wconf 76' lang='lat' dir='ltr'><strong>tellecta,</strong></span> <span class='ocrx_word' id='word_1_302' title='bbox 410 3720 443 3756; x_wconf 82' lang='lat' dir='ltr'><strong><em>en</em></strong></span> <span class='ocrx_word' id='word_1_303' title='bbox 460 3704 573 3789; x_wconf 71' lang='lat' dir='ltr'><strong>diversis</strong></span> <span class='ocrx_word' id='word_1_304' title='bbox 591 3708 716 3775; x_wconf 89' lang='lat' dir='ltr'><strong>satrapiis</strong></span> <span class='ocrx_word' id='word_1_305' title='bbox 734 3708 910 3793; x_wconf 67' lang='lat' dir='ltr'><strong>confluxisse,</strong></span> <span class='ocrx_word' id='word_1_306' title='bbox 933 3711 1143 3780; x_wconf 85' lang='lat' dir='ltr'><strong>perturbabatur</strong></span> <span class='ocrx_word' id='word_1_307' title='bbox 1165 3708 1331 3795; x_wconf 73' lang='lat' dir='ltr'><strong>angebatur-</strong></span> 
     </span>
     <span class='ocr_line' id='line_1_38' title="bbox 254 3775 1332 3923; baseline 0.008 -32"><span class='ocrx_word' id='word_1_308' title='bbox 254 3775 1332 3923; x_wconf 58' lang='lat' dir='ltr'><strong>tttttttt‘.’.tttlttti‚bttbtttlittlitzittatttt‘:</strong></span> 
     </span>
     <span class='ocr_line' id='line_1_39' title="bbox 256 3915 1331 3994; baseline 0.01 -31"><span class='ocrx_word' id='word_1_309' title='bbox 256 3919 313 3975; x_wconf 84' lang='lat' dir='ltr'><strong>net,</strong></span> <span class='ocrx_word' id='word_1_310' title='bbox 331 3921 362 3964; x_wconf 91' lang='lat' dir='ltr'><strong>ut</strong></span> <span class='ocrx_word' id='word_1_311' title='bbox 381 3915 487 3984; x_wconf 77' lang='lat' dir='ltr'><strong>agmine</strong></span> <span class='ocrx_word' id='word_1_312' title='bbox 504 3918 655 3987; x_wconf 85' lang='lat' dir='ltr'><strong>composito</strong></span> <span class='ocrx_word' id='word_1_313' title='bbox 674 3925 702 3971; x_wconf 83' lang='lat' dir='ltr'><strong>et</strong></span> <span class='ocrx_word' id='word_1_314' title='bbox 719 3921 844 3972; x_wconf 80' lang='lat' dir='ltr'><strong>ordinato</strong></span> <span class='ocrx_word' id='word_1_315' title='bbox 864 3925 1070 3991; x_wconf 81' lang='lat' dir='ltr'><strong>sequerentur‚)</strong></span> <span class='ocrx_word' id='word_1_316' title='bbox 1088 3924 1168 3976; x_wconf 84' lang='lat' dir='ltr'><strong>simul</strong></span> <span class='ocrx_word' id='word_1_317' title='bbox 1186 3921 1260 3994; x_wconf 79' lang='lat' dir='ltr'><strong>qnod</strong></span> <span class='ocrx_word' id='word_1_318' title='bbox 1271 3919 1331 3971; x_wconf 74' lang='lat' dir='ltr'><strong>llo·</strong></span> 
     </span>
     <span class='ocr_line' id='line_1_40' title="bbox 255 3987 1332 4062; baseline 0.006 -28"><span class='ocrx_word' id='word_1_319' title='bbox 255 3998 353 4036; x_wconf 84' lang='lat' dir='ltr'><strong>manae</strong></span> <span class='ocrx_word' id='word_1_320' title='bbox 371 3987 466 4053; x_wconf 85' lang='lat' dir='ltr'><strong>copiae</strong></span> <span class='ocrx_word' id='word_1_321' title='bbox 483 3993 537 4037; x_wconf 89' lang='lat' dir='ltr'><strong><em>tam</em></strong></span> <span class='ocrx_word' id='word_1_322' title='bbox 557 3987 611 4039; x_wconf 82' lang='lat' dir='ltr'><strong><em>eim</em></strong></span> <span class='ocrx_word' id='word_1_323' title='bbox 629 3991 783 4059; x_wconf 69' lang='lat' dir='ltr'><strong>congregari</strong></span> <span class='ocrx_word' id='word_1_324' title='bbox 799 4005 856 4041; x_wconf 91' lang='lat' dir='ltr'><strong>uon</strong></span> <span class='ocrx_word' id='word_1_325' title='bbox 875 3999 1017 4060; x_wconf 82' lang='lat' dir='ltr'><strong>poterant:</strong></span> <span class='ocrx_word' id='word_1_326' title='bbox 1043 3995 1154 4062; x_wconf 77' lang='lat' dir='ltr'><strong>triginta</strong></span> <span class='ocrx_word' id='word_1_327' title='bbox 1177 3992 1250 4045; x_wconf 87' lang='lat' dir='ltr'><strong>enim</strong></span> <span class='ocrx_word' id='word_1_328' title='bbox 1268 3987 1332 4041; x_wconf 81' lang='lat' dir='ltr'><strong>die·</strong></span> 
     </span>
     <span class='ocr_line' id='line_1_41' title="bbox 255 4050 1332 4122; baseline 0.009 -19"><span class='ocrx_word' id='word_1_329' title='bbox 255 4050 308 4104; x_wconf 84' lang='lat' dir='ltr'><strong><em>bus</em></strong></span> <span class='ocrx_word' id='word_1_330' title='bbox 325 4068 354 4106; x_wconf 88' lang='lat' dir='ltr'><strong><em>se</em></strong></span> <span class='ocrx_word' id='word_1_331' title='bbox 371 4054 446 4122; x_wconf 84' lang='lat' dir='ltr'><strong>apud</strong></span> <span class='ocrx_word' id='word_1_332' title='bbox 470 4056 532 4108; x_wconf 87' lang='lat' dir='ltr'><strong>ilios</strong></span> <span class='ocrx_word' id='word_1_333' title='bbox 550 4058 672 4110; x_wconf 79' lang='lat' dir='ltr'><strong>futurum</strong></span> <span class='ocrx_word' id='word_1_334' title='bbox 695 4058 861 4112; x_wconf 78' lang='lat' dir='ltr'><strong>condixerat.</strong></span> <span class='ocrx_word' id='word_1_335' title='bbox 899 4061 965 4113; x_wconf 90' lang='lat' dir='ltr'><strong><em>Cum</em></strong></span> <span class='ocrx_word' id='word_1_336' title='bbox 988 4065 1123 4116; x_wconf 83' lang='lat' dir='ltr'><strong>niteretur</strong></span> <span class='ocrx_word' id='word_1_337' title='bbox 1146 4071 1235 4114; x_wconf 84' lang='lat' dir='ltr'><strong>autern</strong></span> <span class='ocrx_word' id='word_1_338' title='bbox 1261 4061 1332 4113; x_wconf 81' lang='lat' dir='ltr'><strong>bar·</strong></span> 
     </span>
     <span class='ocr_line' id='line_1_42' title="bbox 255 4121 1332 4204; baseline 0.009 -30"><span class='ocrx_word' id='word_1_339' title='bbox 255 4121 335 4176; x_wconf 88' lang='lat' dir='ltr'><strong>haros</strong></span> <span class='ocrx_word' id='word_1_340' title='bbox 352 4125 426 4192; x_wconf 85' lang='lat' dir='ltr'><strong>apud</strong></span> <span class='ocrx_word' id='word_1_341' title='bbox 443 4142 472 4177; x_wconf 87' lang='lat' dir='ltr'><strong><em>se</em></strong></span> <span class='ocrx_word' id='word_1_342' title='bbox 489 4126 607 4178; x_wconf 88' lang='lat' dir='ltr'><strong>retinere</strong></span> <span class='ocrx_word' id='word_1_343' title='bbox 620 4135 649 4181; x_wconf 82' lang='lat' dir='ltr'><strong><em>ot</em></strong></span> <span class='ocrx_word' id='word_1_344' title='bbox 666 4136 773 4199; x_wconf 83' lang='lat' dir='ltr'><strong>tempus</strong></span> <span class='ocrx_word' id='word_1_345' title='bbox 789 4137 897 4196; x_wconf 75' lang='lat' dir='ltr'><strong>terere,</strong></span> <span class='ocrx_word' id='word_1_346' title='bbox 913 4133 955 4184; x_wconf 88' lang='lat' dir='ltr'><strong>iili</strong></span> <span class='ocrx_word' id='word_1_347' title='bbox 974 4133 1033 4185; x_wconf 86' lang='lat' dir='ltr'><strong>eius</strong></span> <span class='ocrx_word' id='word_1_348' title='bbox 1052 4137 1188 4204; x_wconf 82' lang='lat' dir='ltr'><strong>regionem</strong></span> <span class='ocrx_word' id='word_1_349' title='bbox 1207 4131 1332 4199; x_wconf 74' lang='lat' dir='ltr'><strong>direptu-</strong></span> 
     </span>
     <span class='ocr_line' id='line_1_43' title="bbox 255 4195 1331 4275; baseline 0.007 -29"><span class='ocrx_word' id='word_1_350' title='bbox 255 4208 300 4246; x_wconf 80' lang='lat' dir='ltr'><strong><em>ros</em></strong></span> <span class='ocrx_word' id='word_1_351' title='bbox 319 4195 533 4261; x_wconf 84' lang='lat' dir='ltr'><strong>minitabantur,</strong></span> <span class='ocrx_word' id='word_1_352' title='bbox 559 4199 613 4251; x_wconf 87' lang='lat' dir='ltr'><strong>nisi</strong></span> <span class='ocrx_word' id='word_1_353' title='bbox 631 4214 693 4250; x_wconf 88' lang='lat' dir='ltr'><strong>oum</strong></span> <span class='ocrx_word' id='word_1_354' title='bbox 710 4200 778 4270; x_wconf 83' lang='lat' dir='ltr'><strong>ipsis</strong></span> <span class='ocrx_word' id='word_1_355' title='bbox 795 4201 884 4273; x_wconf 86' lang='lat' dir='ltr'><strong>primo</strong></span> <span class='ocrx_word' id='word_1_356' title='bbox 906 4218 1018 4275; x_wconf 81' lang='lat' dir='ltr'><strong>quoquc</strong></span> <span class='ocrx_word' id='word_1_357' title='bbox 1039 4212 1164 4274; x_wconf 81' lang='lat' dir='ltr'><strong>ternpore</strong></span> <span class='ocrx_word' id='word_1_358' title='bbox 1184 4206 1214 4256; x_wconf 87' lang='lat' dir='ltr'><strong><em>in</em></strong></span> <span class='ocrx_word' id='word_1_359' title='bbox 1237 4203 1331 4255; x_wconf 72' lang='lat' dir='ltr'><strong>bostos</strong></span> 
     </span>
    </p>
   </div>
   <div class='ocr_carea' id='block_1_5' title="bbox 0 0 1531 4684">
    <p class='ocr_par' dir='ltr' id='par_1_5' title="bbox 0 0 1531 4684">
     <span class='ocr_line' id='line_1_44' title="bbox 0 0 1531 4684; baseline 0 0"><span class='ocrx_word' id='word_1_360' title='bbox 0 0 1531 4684; x_wconf 95' lang='lat' dir='ltr'><strong><em> </em></strong></span> 
     </span>
    </p>
   </div>
  </div>
 </body>
</html>
