2908 4678
399 309 456 376 sn
486 307 766 393 etruscuzm
796 311 870 375 tm.
901 313 954 372 tv.
1137 279 1217 384 541

134 468 242 547 tione,
273 478 309 530 nt
330 468 555 553 primogenitus
583 467 662 550 regis
690 475 837 551 perpetuo
863 474 942 526 esset
965 461 1109 528 domium
1143 464 1224 528 illius

137 561 236 612 terrae
267 551 480 635 dicereturque
507 549 656 613 Delficus.
696 551 795 632 Igitur
822 569 904 609 anno
932 550 1068 630 sequenti
1097 550 1223 612 loannes

138 628 274 717 Philippi
298 637 517 719 primogenitus
537 636 652 716 occepit
669 632 887 715 possessionem
912 628 992 695 illius
1012 642 1043 692 et
1063 632 1159 694 fndus
1178 636 1224 695 eat

137 719 253 798 primus
273 717 421 782 Delficus.
464 716 615 779 imbertus
636 728 738 777 sutem
767 714 847 799 apud
871 714 1055 797 Lugdunum
1084 715 1223 779 ordinem

135 800 379 883 prscdicatorum
399 803 549 885 ingressus
568 809 622 864 est.
644 819 773 865 ronnas.

221 882 428 970 Pag.c3‚17.
447 884 605 965 faciem
636 883 768 945 omnis
802 895 927 943 terre.
969 877 1009 941 ln
1031 899 1061 941 n.
1084 878 1221 962 Paralip.

136 974 183 1027 cst
202 964 250 1028 his
271 967 390 1029 verbis:
434 968 601 1051 Omnesque
620 987 699 1048 neges
720 978 870 1026 terramm
888 961 1098 1024 desiderabant
1115 964 1223 1025 videre

120 1049 247 1131 faciem
265 1049 447 1128 Solomonis,
464 1062 497 1111 ut
516 1049 654 1111 audirent
673 1050 850 1132 sapientiem
873 1056 942 1128 eto,
957 1066 1014 1109 nec
1033 1046 1120 1109 uliter
1140 1045 1221 1129 apud

135 1129 342 1214 Septuaginta.
360 1152 495 1199 rorrsr.

219 1215 296 1297 rag.
313 1217 358 1292 13,
371 1215 421 1278 23.
450 1219 629 1296 reginam
658 1214 827 1275 urbium.
867 1211 918 1274 De
948 1232 985 1276 ea
1012 1211 1142 1274 diximus
1161 1231 1221 1273 no·

132 1298 175 1359 tis
193 1299 226 1358 in
246 1310 338 1380 ceput
359 1299 500 1380 quintum
518 1298 589 1361 libri
611 1299 711 1381 primi.
753 1295 853 1357 Etiam
867 1295 960 1357 bodie
980 1298 1086 1379 regins
1106 1305 1151 1359 est
1165 1315 1221 1355 ura
1242 1336 1246 1343 -

134 1379 222 1451 bium
242 1380 527 1459 innumerabilium,
561 1402 640 1463 quae
659 1379 789 1442 Turcico
823 1377 990 1441 dominatui
1010 1379 1219 1442 subiiciuntur.

133 1461 214 1524 Tem
234 1475 279 1525 est
298 1475 400 1526 sutem
420 1465 533 1547 ampla,
556 1476 592 1526 nt
612 1467 666 1548 qni
686 1483 752 1524 earn
777 1482 812 1524 ex
839 1462 947 1523 itinere
979 1464 1150 1545 conspicere
1167 1463 1219 1521 io·

103 1565 109 1582 ‘
133 1547 277 1628 cipiunt,
307 1548 456 1611 mundum
484 1547 638 1634 quendem
667 1553 797 1631 partum
824 1565 858 1608 se
875 1547 1050 1630 conspicue
1070 1543 1218 1607 iudicent.

132 1647 265 1698 Ponit.

218 1713 298 1796 Peg.
312 1712 362 1794 14,
378 1735 428 1779 ra.
456 1736 580 1802 neque
612 1715 860 1792 Octauiani,
886 1732 1012 1798 neque
1040 1709 1220 1771 Theodo-

134 1797 196 1862 sii.
219 1797 409 1880 Sequebatur
432 1802 465 1862 in
485 1801 621 1862 Graecos
644 1788 716 1861 eivs
737 1792 801 1877 μὴν
821 1791 1011 1875 Αὐγούστου
1037 1790 1217 1874 Καίσαρος.

133 1879 194 1941 Sed
216 1876 276 1943 lioo
296 1892 340 1943 est
364 1895 500 1965 repetere
519 1883 707 1944 Octavinms
740 1881 822 1941 idem
845 1881 927 1941 enirn
954 1882 1132 1959 Angustus,
1164 1878 1219 1959 qui

134 1962 289 2025 Octavius.
330 1964 481 2028 Fortassis
501 1963 595 2025 alium
614 1964 772 2026 nominare
791 1961 897 2026 voluit
938 1960 1022 2021 Infra
1040 1970 1140 2020 sutem
1166 1980 1221 2019 ex-

131 2042 244 2127 plicet,
266 2048 420 2129 monendo
442 2067 594 2132 quemque
612 2047 781 2133 superarit,
802 2058 833 2109 et
847 2045 1081 2107 Constantinum
1104 2041 1219 2104 acSci-

130 2130 252 2211 pionem
273 2129 419 2214 sdiungit.
440 2152 573 2197 ιοιιιι.

214 2212 291 2294 Peg.
306 2212 355 2293 18,
370 2234 419 2277 ιι.
439 2213 705 2276 humanitatis
724 2232 808 2275 rese.
837 2210 1041 2274 Octavianum
1065 2210 1130 2271 sive
1147 2205 1220 2269 Au·

130 2304 252 2377 guisum
272 2316 336 2359 esse
359 2318 469 2381 regem<
495 2295 692 2358 humanitatis
720 2306 878 2373 vocatum,
910 2315 966 2378 ego
995 2291 1118 2375 quidem
1140 2311 1217 2352 nur-

129 2398 224 2461 qusm
243 2377 343 2460 legere
363 2379 499 2446 memini.
530 2379 583 2441 ·Et
603 2390 704 2440 tamen
725 2380 968 2440 Cuntecuzeuum
987 2378 1019 2439 id
1037 2374 1117 2458 apud
1138 2375 1215 2436 scri-

129 2472 248 2543 ptorem
270 2459 403 2544 aliquem
422 2462 528 2546 legisse
549 2459 712 2524 verisimile
732 2471 788 2522 est.
829 2460 927 2523 Multa
950 2461 990 2522 de
1019 2462 1083 2521 eius
1103 2458 1216 2521 hume·

128 2545 224 2607 nitate
245 2543 429 2608 Plutarchus
450 2545 576 2607 scribit:
598 2544 779 2606 hortamen
799 2565 864 2606 non
884 2545 1001 2606 scribit.
1024 2562 1156 2605 ronrsr.

212 2626 294 2725 Pap
308 2649 357 2712 19,
372 2650 421 2712 ¹7·
442 2630 522 2690 illa
541 2642 725 2713 quatuor.
768 2628 909 2726 Quatuqr
922 2629 1049 2725 virtutes
1068 2626 1219 2708 aprinci-

128 2708 1220 2875 trititialttt¹iiitttettlt⁰l⁰sitiit?‚tristitia

127 2877 300 2944 iudicando.
343 2877 526 2951 Humanas,
557 2876 657 2951 lenis,
685 2878 819 2959 sapiens,
850 2878 948 2939 iustus
974 2879 1014 2938 sit
1048 2876 1215 2958 imperator

129 2970 259 3041 oportet.
299 2958 360 3022 Sed
392 2959 469 3022 nihil
498 2973 563 3021 tam
591 2959 803 3043 eiproprium
815 3006 826 3038 ,
856 2980 950 3042 quam
968 2959 1106 3036 iustitia,
1128 2960 1218 3023 cuius

127 3044 274 3105 linendae
294 3063 385 3106 causa
405 3043 503 3106 videri
518 3040 592 3105 olim
615 3041 695 3105 bene
713 3054 846 3106 moratos
866 3063 952 3125 reges
971 3043 1149 3105 constitutos
1168 3043 1217 3107 aie

128 3125 304 3191 Herodotus
336 3136 368 3188 et
398 3149 434 3190 cx
461 3128 568 3189 eodem
596 3126 707 3188 Cicero*
726 3146 754 3193 ι.
787 3125 827 3187 de
849 3125 939 3192 Offic.
982 3126 1071 3186 Hanc
1098 3145 1210 3201 unam,

127 3213 200 3292 quia
220 3210 394 3292 potissima,
426 3213 459 3272 in
490 3209 612 3272 Didone
639 3211 745 3293 regina
772 3219 923 3273 nrt-orat
950 3205 1083 3271 llioneus
1111 3219 1215 3269 orator

125 3293 208 3376 apud
229 3296 388 3355 Maronem
414 3314 441 3354 1.
464 3291 604 3367 Aeneid,
625 3313 697 3355 cum
716 3295 779 3375 ait,
794 3291 903 3356 lovem
923 3291 1083 3355 cidedisse
1101 3291 1216 3355 institia
1289 3320 1295 3331 ¹
1345 3299 1356 3381 ’-

124 3390 224 3459 gemes
231 3379 364 3457 frenare
384 3376 531 3461 superdas.
554 3397 685 3439 ιοιτιι.

209 3461 288 3542 Peg.
308 3479 416 3543 19‚ao.
439 3473 518 3521 tum
538 3460 794 3540 demumsere
815 3460 965 3521 beatas.
1008 3454 1214 3521 celeberrime

125 3540 273 3604 sententis
288 3541 426 3605 Platonis
448 3542 479 3603 in
499 3545 598 3625 primo
618 3543 657 3604 de
678 3564 713 3605 re
731 3542 854 3625 publice
873 3553 905 3604 et
925 3544 1014 3624 epist.
1029 3564 1058 3624 7.
1083 3541 1122 3601 sd
1136 3542 1216 3603 Dio-

125 3627 175 3689 rtis
188 3624 389 3709 propinquos,
397 3624 535 3688 Platonis
551 3626 709 3717 princip‘p,
721 3630 859 3707 inquom,
872 3626 985 3707 ingenii
998 3635 1029 3687 et
1043 3623 1211 3703 doctrinae,

128 3716 167 3767 ut
185 3709 228 3768 ait
249 3710 358 3771 Cicero
376 3709 462 3789 epist
496 3729 523 3774 r.
542 3707 597 3770 lib.
620 3731 646 3771 ι.
670 3708 711 3770 ad
732 3709 903 3786 Quintum,
932 3707 987 3769 ubi
1016 3727 1084 3768 eam
1105 3706 1235 3769 eidem.
1352 3726 1357 3733 ·

130 3790 247 3868 Quinto
265 3792 351 3857 fratri
373 3812 429 3852 suo
450 3792 600 3881 proponit.
642 3791 730 3855 Hunc
746 3810 864 3872 semper
883 3791 915 3849 in
932 3810 986 3852 ore
1005 3788 1138 3859 habebat
1155 3791 1216 3851 im-

204 3883 253 3934 tor
272 3875 315 3940 M.
338 3874 513 3937 Antoninus
545 3884 747 3957 cognomento
779 3870 987 3958 philosophus.
1029 3872 1216 3954 Spartianus.

150 3976 242 4018 eneca
255 3957 381 4040 prologo
395 3961 503 4039 epistt
526 3977 551 4019 a
570 3953 749 4041 sapientibus
759 3959 875 4018 sancita
894 3968 938 4016 est
952 3958 1115 4019 sententiis:
1137 3955 1217 4016 illud

126 4037 322 4102 bentumesse
341 4062 475 4123 regumn,
497 4042 577 4102 cuius
591 4043 763 4125 principem
790 4039 947 4120 contigerit
968 4038 1131 4126 sapientiae
1153 4039 1214 4100 ta·
1314 4030 1331 4058 ‘
1447 4086 1448 4111 ι

124 4121 194 4187 bere
211 4122 351 4184 eadum.
374 4145 505 4187 conrii«.

209 4203 646 4297 Pa3.19,ni·'Sccratetrr
668 4203 955 4272 Atheniensem.
996 4202 1062 4271 Pro
1074 4203 1213 4291 portione
