2900 4676
343 342 399 407 lu
435 339 861 409 castramentatus.
960 382 962 395 .
1108 317 1193 430 437

114 497 205 581 galtlo
224 498 338 560 editum
358 496 577 580 uapnlarr'xror
593 498 712 580 exponit
733 492 893 578 ἡγεμονία.
934 493 1091 558 Hactenus
1102 499 1192 561 Gret⁴

205 603 273 643 .ro
297 603 367 640 rur.

116 604 366 744 κωδΡαςῗαὸδ,
382 661 430 728 rs.
452 657 600 741 δεύτερον
618 662 661 724 M.
689 669 719 722 et
741 659 798 722 lin.
824 679 871 744 ¹9·
895 645 942 722 niv
960 647 1000 720 tir
1018 657 1171 745 drsrddpc.

200 746 363 827 Pag.23d,
383 765 431 828 19.
450 742 601 825 κατέργου
620 746 664 809 M.

198 828 281 911 Pag.
293 830 368 908 255,
385 848 430 891 ro.
452 817 622 909 ὑφηγεῖται
640 827 683 888 Μ.
700 835 797 887 recte.

202 912 369 992 Pogmid,
385 912 417 972 5.
439 911 480 970 ia
503 911 668 992 pactam
690 907 945 970 coniectans.
968 907 1051 985 Quid
1065 909 1198 983 ποῦκλος

120 1002 173 1059 aut
192 994 326 1057 ποῦκλον
347 997 398 1070 sit,
419 991 596 1054 divinemus.
638 991 786 1074 Gregoras
805 989 927 1073 quidem
943 1012 1033 1072 supra
1053 994 1199 1074 quasdam

119 1078 228 1139 linteas
250 1075 366 1140 litteras
384 1075 517 1138 vestibus
537 1072 763 1135 tabellariorum
785 1073 899 1134 insutas
927 1075 1042 1134 scribit.
1094 1076 1199 1138 Noster

120 1163 279 1222 Gretserus
299 1158 404 1221 mallet
427 1156 524 1239 legere
554 1155 599 1228 εἰς
618 1152 674 1219 τὸν
694 1151 865 1237 eviscopos
877 1157 943 1217 sive
964 1158 1104 1237 scirpea.
1145 1159 1201 1220 Est

121 1254 223 1305 antem
243 1238 410 1319 κουκουρος
427 1241 509 1323 apud
531 1241 711 1301 recentiores
733 1242 864 1301 Graecos
881 1239 1042 1321 pharetra,
1070 1241 1121 1301 ein
1136 1242 1201 1304 Kd-

120 1328 199 1389 clrer.
240 1324 414 1408 Usurpatur
433 1322 605 1385 acedreno
629 1321 680 1383 sol.
693 1320 765 1388 563.
785 1334 929 1404 notatque
953 1322 1121 1406 Xylander,
1144 1346 1202 1386 uo·

121 1419 218 1470 strum
238 1406 314 1469 illud
335 1408 549 1469 Germanicum
582 1416 636 1466 ant
663 1408 818 1467 aGraeeo
839 1405 893 1466 illo
917 1404 1114 1479 descendere,
1148 1420 1202 1470 aut

123 1494 275 1552 Graecum
293 1512 311 1552 a
327 1491 517 1553 Germanico.
559 1486 630 1550 Alia
643 1492 816 1551 coniectura
832 1490 975 1551 occurrit.
1019 1489 1103 1563 Quid
1115 1493 1140 1550 si
1155 1489 1203 1549 le-
1332 1530 1336 1539 -

124 1575 256 1657 gendum
289 1572 441 1635 uruntur
471 1569 567 1633 facilis
594 1572 674 1633 euim
702 1572 802 1654 lapsus
826 1594 844 1633 a
865 1572 932 1631 aria
953 1592 988 1635 rr.
1029 1571 1084 1632 Est
1101 1583 1203 1635 autem

123 1649 306 1717 κουκούλιον
370 1675 563 1740 rayncopeu
580 1652 721 1734 κοῦκλον,
746 1654 893 1730 cucullus,
917 1651 1056 1719 cucullio.
1098 1655 1205 1719 Utitur

123 1739 307 1801 sozomenus
342 1739 381 1800 b.
392 1741 423 1806 3.
438 1737 567 1821 eapti.
589 1737 714 1798 Latinae
729 1737 878 1813 editionis,
900 1737 1034 1797 Graecae
1053 1758 1119 1820 cap.
1136 1740 1203 1816 ida

124 1821 290 1899 σκέπασμα
310 1821 365 1902 τῆς
384 1841 418 1881 κε
445 1818 547 1901 atie,
578 1811 597 1878 d
616 1815 798 1879 rovaodlror
817 1818 961 1881 autarius.
1005 1819 1049 1879 Ut
1076 1822 1205 1903 proinde

124 1903 255 1965 voluerit
274 1902 399 1965 Gooalm
420 1843 536 1965 litteras
556 1900 709 1962 abdendas
740 1901 832 1964 fuisse
863 1904 894 1963 in
926 1902 1045 1965 cucullo
1076 1924 1129 1964 scu
1149 1927 1206 1966 eu·

124 1986 266 2048 ruilione.
306 1985 413 2048 Fuisse
450 1996 551 2048 antem
583 1983 718 2047 cucullos
750 1983 1087 2067 constantinopolitanis
1115 1989 1207 2049 etiam

123 2072 258 2143 usitatos,
280 2066 376 2151 liquet
396 2089 431 2129 ex
454 2065 649 2150 Curopalata,
670 2069 724 2150 qui
741 2070 878 2129 nominat
897 2063 1037 2129 καπασία
1059 2088 1077 2128 a
1098 2090 1204 2152 cappa,

124 2163 247 2234 eratque
267 2154 407 2234 proprius
428 2152 550 2213 babitus
570 2152 755 2222 Traeouum,
778 2151 979 2232 eumdemque
998 2149 1107 2213 tribuit
1128 2153 1206 2215 Cor-

122 2237 241 2297 tinariis
262 2236 353 2295 etiarn
374 2246 456 2297 extra
476 2234 578 2297 aulam
608 2255 638 2315 p.
661 2254 712 2315 pr.
753 2231 942 2294 Glossarium
966 2230 1087 2314 Rigaltii
1112 2236 1208 2296 iuter-

122 2329 262 2402 pretatur
283 2313 455 2398 κούκουρον
473 2338 537 2379 non
556 2316 648 2378 modo
669 2315 861 2396 pharetram,
882 2315 935 2377 sed
955 2317 1046 2375 ctiam
1069 2315 1207 2399 bulgam,

121 2412 546 2565 ttt⁰tttt,·.ttt²t.⁰tt
566 2397 1208 2562 ttthltltttttttntl?litat-‘iz

125 2569 173 2628 ria
190 2587 239 2627 me
258 2564 362 2626 multis
380 2564 454 2626 locis
473 2566 629 2643 adiutum,
663 2566 751 2627 initio
770 2565 943 2627 testificatus
966 2584 1034 2625 sum
1067 2566 1207 2627 candide.

126 2648 267 2710 Ceterum
287 2649 372 2710 notio
393 2647 444 2708 illa
465 2648 551 2710 verbi
574 2645 743 2729 κου’κουρος
763 2670 820 2731 pro
850 2648 942 2730 bulga
973 2668 1027 2708 seu
1054 2651 1209 2731 marsupio

126 2733 197 2793 ideo
217 2732 268 2793 bic
298 2731 397 2792 locum
417 2731 530 2792 babere
557 2730 632 2790 mibi
654 2752 717 2791 non
738 2732 880 2808 videtur,
913 2729 997 2813 quod
1026 2736 1155 2793 maxime
1175 2732 1208 2792 iu

126 2814 228 2897 bulgis
247 2824 278 2876 et
300 2816 459 2896 marsupiis
487 2813 605 2875 litterae
631 2825 834 2894 quaerunturr
867 2824 897 2877 et
918 2812 1086 2895 superiores
1108 2815 1209 2874 αοῑίο-

128 2919 182 2959 nes
202 2895 320 2958 tamdiu
341 2919 389 2958 am
411 2896 513 2973 lectar,
537 2896 633 2956 donec
654 2895 759 2956 melius
790 2918 825 2958 ac
845 2898 946 2960 verius
966 2907 1019 2957 aut
1038 2906 1119 2957 certe
1137 2918 1210 2977 prn-

127 2979 321 3078 habilius‘de
342 2983 465 3066 πουκλῳ
486 2982 638 3045 invenero.
666 2999 798 3041 sarran.
836 2973 994 3063 aporiatur
1015 2981 1081 3059 Μ,
1107 2979 1207 3042 deleto

128 3075 230 3125 tamen
251 3085 270 3144 ρ
294 3084 313 3126 a
333 3084 426 3124 mauu
447 3084 478 3131 a.

212 3146 294 3226 Pag.
310 3146 380 3224 256,
393 3146 423 3208 8.
445 3136 597 3227 ἄρχοντες
626 3140 683 3205 καὶ
699 3136 949 3225 appenduntur.
988 3145 1143 3206 Sententia
1157 3166 1209 3207 co·

131 3229 172 3313 git
193 3229 354 3290 discrimen
375 3229 484 3309 saeue,
507 3232 625 3290 tametsi
648 3226 760 3309 alioqui
788 3227 957 3289 recentibus
977 3229 1099 3290 Graecis
1127 3228 1210 3291 idem

131 3315 170 3374 sit
188 3303 459 3392 ἄρχουτόαουλου,
492 3312 574 3394 quod
603 3302 722 3391 ἅρχων.
762 3310 845 3388 Quid
877 3323 978 3379 autem
1004 3310 1112 3372 melius
1143 3314 1207 3391 sit,

131 3415 221 3480 quam
241 3395 328 3456 Manes
341 3407 370 3456 et
383 3398 543 3478 praefecti,
558 3405 594 3456 ut
609 3414 665 3455 uos
683 3395 823 3466 lecimus,
853 3394 936 3456 baud
951 3394 1052 3456 rideo.
1073 3414 1208 3463 roarsu.

210 3478 288 3559 Pag.
302 3477 375 3555 236,
389 3499 420 3561 9.
439 3472 522 3557 μετὰ
545 3478 588 3540 M.
609 3498 666 3559 pro
688 3470 749 3537 riuti
768 3488 798 3538 et
816 3476 870 3538 lin.
882 3496 928 3544 ra.
948 3471 1077 3549 αυτούς.

212 3560 433 3643 Peg.236,13.
453 3558 552 3623 αὐτοῦ
573 3560 642 3625 add.
661 3561 706 3624 M.
730 3570 798 3641 post
815 3566 928 3644 χεῖρας
947 3571 977 3624 et
997 3580 1056 3623 oua
1076 3559 1098 3623 l.
1123 3557 1172 3641 rel.

211 3645 289 3724 Pag.
303 3643 374 3720 238,
387 3662 437 3704 aa.
457 3644 503 3714 εἰς
523 3641 673 3705 τοσοῦτον
697 3643 742 3708 Μ.

212 3724 412 3810 Ραμὸρβ.
433 3722 552 3808 decipis
572 3726 615 3788 M.
635 3746 696 3808 mg.
717 3744 773 3806 pro
792 3715 976 3805 ἔκποριζοιυ.

214 3806 290 3890 Pag.
304 3810 376 3892 239,
391 3805 438 3883 tri.
456 3801 562 3868 ἔπειτα
582 3804 618 3868 di
637 3805 694 3867 rai
711 3810 758 3867 M.

214 3889 373 3975 Pagaip,
385 3888 437 3951 23.
459 3888 725 3968 βεβουλευμένους
744 3889 789 3957 M.

214 3969 414 4054 Png.adu,6.
435 3970 640 4050 ἐπιορκοῦντα
662 3974 706 4034 Μ.

212 4054 292 4136 Pug.
307 4054 380 4209 apo,
394 4079 443 4118 rr.
465 4055 520 4117 rad
539 4052 710 4138 asportaturi
727 4065 759 4120 et
777 4051 966 4136 Καβᾶοιλος
988 4056 1032 4125 Μ.

214 4133 322 4218 Paga
344 4138 441 4217 o,15.
466 4136 513 4211 sle
534 4139 578 4200 M.

46 4294 49 4301 ‚
212 4219 435 4311 Puprdpflr.
456 4221 627 4288 modeste
645 4221 749 4286 risit.
791 4223 909 4285 Fatua
934 4223 967 4285 ia
1001 4222 1206 4287 narrantur
