2900 4676
228 248 313 334 510
617 248 948 340 iuoriuoms.

130 508 132 513 ·
227 444 456 598 titilus?
471 430 809 575 mim
818 430 1312 600 fflfflffiffi

230 600 296 680 ipsa
315 620 376 659 uon
394 597 600 679 distinguitur,
622 616 657 657 ao
678 595 806 679 proinde
826 600 851 659 si
872 596 994 659 effectus
1013 619 1046 658 re
1059 600 1154 681 ipsae
1165 598 1311 660 mnem-

230 685 273 743 tia
292 682 348 742 Dei
369 680 590 761 distinguitur,
608 700 727 741 necesse
748 690 810 757 est,
833 691 916 741 utet
943 682 1077 761 operatio
1104 684 1162 742 ista
1184 703 1218 742 re
1239 685 1308 763 ipsu

230 766 452 845 distinguatur:
469 762 523 822 sed
535 764 740 844 operationem
753 762 824 840 Dei,
843 784 935 845 quam
955 776 1064 827 vocant
1082 766 1308 837 immanem,

232 847 384 929 negabant
403 866 423 904 a
442 846 499 905 Dei
519 846 686 905 substantia
705 845 863 927 distingui,
894 856 930 906 ut
951 857 1052 908 netum
1069 846 1240 909 intellectus
1252 860 1310 907 aot

230 929 398 993 volontatis
415 927 545 1003 diuinae,
567 929 625 989 nisi
647 927 710 989 sola
730 930 865 1005 ratione,
881 940 915 989 et
933 950 1005 991 eum
1023 951 1087 990 non
1106 930 1312 1013 distinguatur

230 1014 288 1075 ista
308 1014 386 1073 notio
402 1033 422 1072 a
440 1011 629 1082 substantia,
659 1012 812 1093 sequitur,
839 1011 872 1072 id
891 1011 974 1093 quod
993 1033 1029 1073 ex
1050 1016 1081 1073 ri
1101 1013 1192 1074 liuius
1209 1016 1312 1074 aetio·

231 1099 280 1157 nis
300 1095 498 1177 producitur,
529 1094 655 1175 produci
675 1098 766 1157 etiam
785 1115 821 1155 ex
848 1096 880 1155 ri
898 1095 1242 1172 substantiaedivinaer
1275 1107 1312 1157 et

231 1189 336 1261 aperta
356 1175 507 1239 cavillatio
527 1187 589 1255 est,
613 1196 683 1237 eum
698 1177 805 1238 Graeci
825 1179 856 1238 in
877 1188 984 1259 quarta
1003 1177 1127 1261 synodo
1144 1180 1202 1240 sub
1223 1179 1313 1239 Can-

232 1272 377 1323 taeuueno
398 1263 440 1320 ita
459 1259 762 1341 argumeotnhanturr
783 1261 960 1344 soporatio
983 1281 1043 1325 rou
1059 1275 1131 1322 esset
1146 1262 1269 1322 dim
1283 1281 1314 1323 a

207 1344 391 1405 sannatia
407 1342 478 1419 Dei,
500 1343 701 1404 time-omnia
718 1357 824 1404 emata
851 1356 946 1405 essent
965 1364 1007 1405 ex
1034 1344 1203 1405 substantia
1224 1343 1313 1421 Dei,-

232 1425 475 1512 quandoquidem
494 1438 562 1486 surrt
581 1444 623 1486 ex
645 1424 918 1509 operationeDei:
953 1424 1078 1487 reddor
1100 1440 1143 1486 est
1171 1429 1312 1509 neptun,

233 1529 303 1590 ergo
321 1522 353 1570 et
372 1507 459 1569 aud.
498 1506 688 1591 Respondeo,
705 1507 813 1569 falsam
832 1529 896 1570 esse
916 1510 1085 1588 maiorem,
1111 1509 1137 1571 si
1157 1507 1312 1592 intelliga-

232 1603 299 1669 tur,
317 1592 420 1653 omnia
440 1590 504 1651 lore
527 1611 564 1653 ex
585 1590 752 1652 subeuntia
770 1591 845 1666 Dei,
872 1601 1017 1673 tauquam
1036 1612 1072 1653 ex
1091 1602 1178 1674 parte
1196 1595 1314 1654 eonsti-

234 1685 340 1736 tuente
364 1677 504 1751 interna,
570 1675 612 1735 asi
632 1695 667 1735 ex
690 1673 855 1735 substantia
880 1675 937 1734 Dei
961 1685 1232 1758 componerentur,
1253 1688 1315 1737 sut

233 1769 270 1820 ut
289 1767 388 1839 partes
411 1778 447 1818 ex
467 1777 502 1817 en
548 1767 777 1838 eoerperentur:
799 1776 904 1817 reram
929 1769 1042 1831 autem,
1065 1758 1090 1818 si
1110 1757 1312 1841 intelligatur,

234 1843 337 1903 omnis
356 1840 420 1901 lore
442 1860 478 1901 ex
501 1840 668 1900 substantia
691 1839 762 1918 Dei,
782 1850 931 1921 qmtenus
951 1845 1054 1903 omnia
1073 1842 1105 1901 vi
1129 1851 1159 1902 et
1188 1843 1315 1923 energia

233 1936 266 1986 et
283 1921 456 1984 effionoitate
475 1923 533 1984 Dei
555 1942 608 1984 seu
639 1921 822 1984 substantiae
847 1923 967 1984 divinae
995 1926 1145 2004 operantis
1168 1926 1312 1986 existant.

234 2007 299 2069 Neo
318 2027 424 2067 verum
441 2015 497 2079 est,
519 2008 592 2066 istos
620 2008 765 2081 sensum
794 2006 981 2088 operationes
1010 2007 1066 2069 Dei
1088 2005 1257 2068 meister
1278 2019 1315 2069 et

234 2088 386 2151 naturales
410 2110 473 2150 esse
487 2100 620 2150 creatas:
644 2109 714 2149 eum
732 2089 813 2148 enim
829 2089 1020 2161 msemeriot,
1038 2091 1109 2151 istas
1122 2091 1315 2171 operationes

235 2175 344 2255 reipsa
360 2193 481 2253 prorsus
499 2171 580 2233 idem
591 2191 735 2233 esserum
748 2171 916 2232 subeuntia
925 2170 1105 2253 divinoque
1120 2175 1248 2245 ratione,
1258 2174 1317 2234 ob·

233 2278 330 2329 semo,
340 2255 488 2327 offirmare
497 2264 672 2336 potnerunt,
686 2274 736 2314 eas
749 2275 814 2315 esse
823 2258 960 2316 oreatus?
982 2255 1129 2337 Adiungit
1137 2255 1312 2319 Prsteolus:

232 2340 277 2401 Id
295 2340 376 2422 quod
394 2340 427 2398 in
450 2339 597 2399 Tlraborio
618 2350 715 2399 monte
730 2334 846 2418 efflante
860 2337 999 2399 divium
1019 2338 1141 2415 lumen,
1168 2338 1317 2401 diurnare

234 2444 294 2483 erre
316 2424 461 2504 plmsma,
486 2420 522 2483 id
542 2433 606 2494 est,
630 2434 775 2502 spectrum
804 2420 953 2483 dianam
972 2434 1001 2481 et
1021 2434 1210 2494 creatutura,
1233 2444 1315 2507 quine

233 2518 330 2564 ortum
350 2503 437 2562 labet
458 2515 487 2561 et
505 2503 681 2578 Meritum,
722 2510 825 2565 verum
844 2524 903 2564 non
924 2502 1052 2564 divinae
1068 2517 1197 2564 nataae
1216 2518 1316 2565 naor-

233 2587 329 2647 mlem
356 2585 542 2668 splendorem
565 2598 611 2661 et,
628 2598 660 2646 ut
684 2585 728 2644 t'ta
753 2585 867 2665 dicam,
887 2584 1026 2649 deitatem
1048 2600 1078 2647 et
1098 2587 1204 2661 imm,
1228 2587 1317 2671 quod

233 2666 1226 2832 ttittdttsuti‘t'ttlffi.,intimidius
1238 2681 1316 2813 'ii-'¹’

234 2835 331 2912 dunt,
352 2831 429 2894 nihil
454 2853 585 2915 prorsus-
596 2841 642 2895 est
665 2835 697 2893 in
716 2842 780 2894 tota
808 2831 1056 2907 honestitatis,
1095 2834 1182 2916 quod
1205 2855 1314 2918 repro-

234 2916 414 2980 hensionem
433 2928 603 2979 mereatur:
634 2935 705 2976 vere
726 2917 807 2976 euim
829 2915 930 2977 lumen
949 2915 1026 2978 illud
1047 2917 1236 2979 Thaboriarn
1260 2940 1315 2980 res

234 2998 424 3146 pirneatadiuit
450 3010 482 3061 et
509 3021 580 3061 cnm
615 2998 875 3082 transfiguratione
906 3011 1011 3082 rnepta
1031 3002 1162 3087 innoepit
1189 3011 1220 3061 et
1239 3020 1315 3063 eum

279 3087 322 3147 ita
364 3084 439 3145 esiit.
1116 3135 1117 3139 ,

317 3167 364 3227 Ex
382 3166 429 3227 his
446 3162 605 3226 emendare
625 3163 728 3226 itidem
755 3162 868 3245 licebit,
894 3182 972 3247 quae
993 3174 1098 3227 auetor
1110 3165 1235 3248 quidam
1253 3166 1316 3229 do·

234 3248 386 3310 ctissimns
406 3258 437 3307 et
459 3249 490 3308 in
510 3249 633 3309 Graecis
651 3250 847 3329 scriptoribus
869 3250 1088 3317 versatissimus
1113 3249 1219 3311 litteris
1238 3270 1314 3331 pm-

237 3330 326 3391 didit.
355 3331 439 3389 Dicit
458 3328 560 3390 lumen
577 3330 716 3390 divinum
730 3342 761 3392 et
779 3332 945 3392 increatum
963 3335 1064 3394 visum
1082 3352 1146 3393 ωε
1159 3332 1193 3392 in
1208 3345 1318 3396 moute

233 3411 392 3475 Thaborio
421 3432 482 3470 nou
509 3413 540 3470 in
565 3432 620 3488 se;
648 3414 691 3472 sie
709 3415 791 3473 enim
811 3413 908 3475 oeulis
931 3417 1123 3497 conspicuum
1143 3436 1204 3476 non
1225 3434 1315 3496 meg

236 3495 290 3558 sed
308 3497 340 3555 in
357 3493 471 3555 lumine
490 3504 612 3571 creato,
632 3496 710 3555 sicut
730 3494 861 3576 Spiritus
879 3509 999 3560 sanetus
1022 3498 1203 3559 descendens
1220 3519 1317 3581 snper

236 3579 392 3640 Christum
412 3587 550 3659 ternpore
568 3576 708 3657 baptismi
728 3580 810 3639 visos
825 3580 875 3640 'est
893 3600 953 3640 non
976 3582 1007 3641 in
1026 3602 1073 3660 se,
1093 3581 1145 3642 sed
1164 3582 1196 3641 in
1213 3584 1317 3663 specie

235 3660 413 3725 delumbant
435 3671 465 3721 et
487 3659 561 3720 hoec
584 3660 708 3741 quidem
733 3672 814 3723 recte
844 3673 874 3723 et
894 3662 1052 3725 catholice.
1091 3664 1133 3724 At
1151 3665 1235 3746 qnod
1256 3665 1318 3725 ad·

235 3744 293 3823 dit,
312 3743 502 3807 Barlaamum
523 3755 553 3805 et
577 3743 770 3827 Acindynnm
792 3745 996 3823 oontendisse,
1019 3749 1118 3828 ipsum
1141 3745 1244 3808 lumen
1264 3747 1318 3809 di-

234 3828 343 3890 vinum
362 3825 437 3904 (hoo
461 3837 506 3888 est
524 3825 649 3909 gloriam
672 3838 703 3887 et
731 3828 915 3890 maiestatem
934 3830 1010 3908 Dei)
1029 3832 1062 3890 in
1088 3848 1120 3890 se
1141 3839 1173 3890 et
1203 3851 1319 3892 seeun-

235 3909 311 3972 dum
334 3930 367 3971 se
382 3912 480 3970 visum
502 3930 577 3986 esse,
601 3930 660 3970 oon
688 3911 719 3969 in
735 3931 789 3972 sua
811 3913 873 3973 ime
894 3913 954 3989 oe,
976 3933 1011 3973 ao
1031 3923 1189 3995 propterea
1207 3934 1226 3973 a
1239 3934 1318 3995 syn-

235 3992 672 4074 odoconstsntinopolitane,
697 3993 813 4055 loanne
835 3994 861 4055 P
910 3993 1016 4076 eologo
1039 4006 1070 4056 et
1093 3997 1207 4057 lounne
1230 3996 1318 4057 Can·

235 4089 380 4139 tacuzeno
405 4075 531 4153 hahita,
567 4075 724 4137 damnatos
750 4075 861 4151 inisse,
894 4076 926 4136 id
948 4098 1021 4158 pace
1041 4079 1234 4141 eruditissimi
1253 4081 1316 4140 riri

236 4160 387 4247 dixerim,
409 4181 427 4220 a
447 4177 520 4221 vero
538 4157 628 4241 longe
653 4158 729 4220 abit.
784 4158 863 4220 Naro
882 4158 1022 4223 Pelamas
1044 4171 1076 4223 et
1102 4161 1210 4246 synodi
1230 4160 1316 4225 illiue
