2978 4678
271 265 354 352 382
654 288 963 361 suuorarrours

270 445 365 508 robur
394 446 454 508 iam
481 442 699 528 Hadrianopoli
727 444 811 508 velut
838 446 869 507 in
896 444 1024 508 excubiis
1045 446 1207 513 baberentr
1230 452 1336 533 unde,

271 530 430 591 momentis
448 550 550 590 rerum
571 551 606 591 cx
625 551 682 591 usu
709 549 764 591 suo
797 531 993 612 gerendmum
1013 534 1245 615 animadversis,
1265 560 1337 619 pro.

268 612 515 760 fficiam
534 613 624 673 latins
658 622 688 673 ct
711 614 743 674 in
763 612 903 696 Europae
930 615 1044 676 viscera
1065 619 1193 700 grassari
1207 634 1337 703 possent.

382 717 478 760 avius·
497 715 629 759 ΡΟΠΛΜ,
1359 742 1363 747 ,

349 779 424 860 Peg.
445 777 498 857 24,
519 798 550 839 a.
569 773 757 840 κινδυνεύειν
780 779 824 841 Μ.

346 862 425 944 Peg.
444 859 494 939 σά,
514 859 545 922 8.
567 855 623 920 καὶ
641 861 713 923 add.
727 863 770 923 M.
793 873 864 924 aute
882 859 938 942 τῆς
959 862 1162 945 κατασκευῆς.

347 946 487 1026 Pagai,
502 965 550 1005 rr.
573 944 621 1004 ab
637 944 915 1006 Orientalibus
937 965 979 1010 σο
999 949 1196 1011 Threiciis
1214 953 1330 1014 seelu-

263 1034 366 1096 ἄσην.
387 1027 527 1091 Arbitror
540 1027 579 1087 ad
590 1027 671 1088 hunc
684 1027 783 1088 locum
794 1031 952 1111 pertinere,
975 1030 1056 1110 quod
1066 1032 1208 1093 scribitur
1223 1055 1242 1095 a
1257 1037 1331 1097 Gre-

263 1136 336 1198 gora
357 1110 435 1172 libro
453 1110 599 1193 septimo,
630 1110 835 1173 Andronicum
856 1114 1003 1173 seniorem
1022 1112 1144 1195 longum
1162 1136 1280 1177 murum
1294 1119 1332 1180 ad

263 1192 490 1277 christopolim,
502 1214 519 1254 a
532 1195 608 1254 mari
620 1194 761 1276 usquead
770 1196 860 1255 vicini
872 1198 982 1257 montis
993 1216 1136 1258 cacumen
1147 1203 1331 1279 exstruxisse,

262 1292 298 1342 ut
317 1280 399 1341 locus
428 1279 454 1337 is
473 1298 506 1338 se
526 1276 623 1338 invito
651 1298 773 1360 prorsus
792 1280 956 1339 inaccessus
975 1290 1052 1339 esset
1071 1282 1125 1351 iis,
1153 1283 1204 1364 qui
1235 1281 1284 1344 vel
1314 1305 1333 1344 e

262 1364 392 1425 Thracia
412 1362 443 1421 ia
463 1360 689 1437 Macedoniam,
720 1358 770 1423 vel
796 1381 814 1423 e
840 1360 1016 1423 Macedonia
1043 1364 1076 1424 iu
1095 1362 1257 1427 Thracium
1276 1368 1332 1428 iter

261 1445 418 1509 baberent.
438 1463 567 1505 rorrar.

344 1528 422 1609 Peg.
440 1527 490 1604 nri,
516 1526 565 1603 ¹4·
588 1520 735 1605 allicitur
765 1546 801 1587 re
827 1520 1058 1607 συνταξάμενοι.
1098 1529 1166 1593 Vox
1195 1525 1333 1591 σοντάσ·

263 1613 378 1675 natm
399 1611 489 1671 sacris
512 1608 706 1692 scriptoribus
726 1610 805 1671 idem
834 1610 935 1688 valet,
964 1611 1047 1693 quod
1077 1601 1330 1690 ἅποτάοσεσθαι,

261 1694 444 1766 ualcdr'cere,
467 1694 499 1753 in
522 1692 652 1774 digressu
681 1692 805 1754 sautem
824 1692 930 1755 dr'cere.
971 1694 1073 1772 Quare
1103 1689 1331 1775 σοντοκτήριος

7 1826 9 1835 ,
261 1771 351 1857 λόγος
380 1776 516 1858 Gregorii
543 1776 742 1852 Nazianzeni,
776 1787 896 1836 centum
932 1777 1149 1858 quinquaginta
1185 1778 1329 1858 episcopis

116 1883 139 1941 ,¹
260 1859 463 1943 praesentibus
482 1857 620 1935 babitus,
635 1867 680 1918 est
698 1878 732 1918 ea
755 1861 870 1936 oratio,
886 1879 978 1941 quam
997 1864 1095 1942 primo
1116 1879 1236 1941 quoquc
1253 1872 1329 1921 tem-

7 1944 8 1953 ’
262 1964 334 2024 pore
353 1942 534 2003 discessurus
555 1942 776 2022 pronuntiavit,
792 1950 823 2002 et
843 1944 986 2023 episeopis
1006 1942 1064 2003 iliis
1081 1942 1232 2008 valedixit.
1253 1943 1331 2005 Item

260 2026 342 2108 apud
361 2022 602 2096 Damascenum,
625 2022 722 2096 libro,
758 2023 840 2106 quod
860 2027 972 2087 mortui
992 2026 1158 2087 viventium
1180 2024 1330 2087 beneficiis

261 2109 422 2181 inventur,
436 2100 656 2185 ονντακτὴρνον
674 2106 801 2187 θρηνεῖν
818 2117 863 2168 est
881 2109 915 2167 in
930 2109 1033 2168 ultimo
1045 2107 1266 2192 dtgaeasoflera
1292 2128 1329 2169 ac

259 2192 425 2255 heremari.
465 2190 558 2252 Plura
565 2188 671 2250 Iiilb'us
683 2188 951 2252 observatsacrar.
969 2189 1023 2251 lib.
1037 2212 1061 2252 r.
1075 2212 1101 2253 c.
1124 2212 1174 2251 να.
1194 2210 1326 2256 rorrar.

340 2275 419 2356 rag.
442 2271 493 2350 νά,
517 2295 570 2335 21.
590 2266 646 2332 καὶ
663 2272 793 2333 addend.
808 2292 824 2333 c
842 2273 886 2339 M.
907 2285 977 2334 ante
990 2269 1212 2356 πληρωμάτων.
1238 2338 1242 2345 ,

342 2358 419 2439 Pag.
441 2352 491 2435 24,
514 2357 566 2417 23.
590 2357 748 2416 nautica
764 2356 935 2421 lieentia.
955 2356 1227 2419 Genusbominum
1242 2356 1329 2422 valde

258 2441 598 2603 bniffibblffiabblilrls’:
627 2437 1019 2604 ngurilebgombbeaM
1033 2437 1328 2605 bblaeiitaaieimcipiusei

258 2607 331 2668 dum
353 2626 402 2668 eoo
422 2606 495 2666 dicit
515 2605 546 2664 in
565 2614 739 2685 tempestate
759 2603 854 2666 multa
872 2602 932 2665 diis
950 2625 1072 2681 vovere,
1096 2626 1184 2688 quae,
1205 2627 1275 2667 cum
1296 2609 1346 2671 in·
1479 2616 1481 2625 ¹

257 2686 342 2753 littus
368 2689 442 2751 salvi
469 2690 686 2769 pervenerint,
719 2688 842 2750 minime
871 2684 1000 2749 solvant.
1046 2689 1089 2750 Et
1115 2711 1185 2751 cum
1219 2690 1328 2771 quibus
1363 2675 1386 2707 ‘⁴

256 2775 325 2837 Bias
342 2771 503 2855 navigabat
523 2770 626 2853 impii,
658 2770 826 2853 quibusque
846 2771 878 2830 in
900 2788 987 2832 saeva
1007 2781 1182 2852 tempestate
1201 2772 1327 2833 deorum

256 2878 344 2942 opem
364 2855 591 2941 implorantibus
614 2852 749 2915 dicebat:
773 2867 883 2929 tacete,
910 2876 947 2915 ne
972 2875 1024 2915 vos
1048 2856 1098 2915 illi
1117 2857 1164 2915 liic
1183 2858 1327 2937 nauigare

255 2945 406 3016 νεοσσοί,
427 2949 538 3002 nautae
559 2938 747 3020 potissimum
766 2946 860 3000 erant.
900 2937 1046 2999 Laertius.
1066 2938 1203 3020 Euripid.
1226 2939 1326 2999 Hecu·

198 3083 205 3095 ,
255 3024 315 3105 ba,
345 3025 398 3087 nbi
420 3022 472 3084 illa
492 3024 600 3084 misera
618 3020 728 3082 mulier·
748 3022 865 3102 captiva
885 3023 946 3081 iam
966 3031 996 3081 ct
1016 3042 1101 3083 serva
1117 3024 1210 3083 mittit
1229 3022 1325 3082 inmu-

254 3105 335 3183 lam,
356 3126 432 3189 quae
493 3115 567 3165 tata
588 3105 729 3182 Graecis,
750 3124 790 3164 ne
809 3103 883 3185 quid
902 3105 934 3165 in
947 3123 1055 3185 corpus
1069 3103 1326 3186 filiaePolyxenae

253 3191 314 3251 iam
345 3190 383 3250 ad
410 3126 538 3261 Acbbtts
564 3186 715 3249 tumulum
734 3198 880 3248 mactatae
905 3186 1061 3269 designent
1086 3186 1262 3249 illiberalius
1290 3208 1325 3248 ae

253 3272 457 3354 petulantius,
484 3268 518 3331 ἐν
545 3265 604 3352 γοὶρ
640 3270 743 3373 pnpr'qr
773 3260 986 3350 στρατοῦματο
1014 3263 1186 3343 ἀκόλαστος
1213 3259 1323 3349 ὄχλος,

161 3404 164 3411 .
252 3350 383 3434 ναυτική
402 3353 428 3414 r’
450 3350 605 3431 ἀναρχία,
624 3372 777 3431 sperantur
794 3346 905 3433 πυρός.
948 3351 1082 3436 Sumpsit
1101 3374 1171 3437 argo
1200 3352 1240 3414 ab
1258 3352 1324 3414 Eu·

252 3437 349 3520 ripide
363 3435 603 3512 (lantmeterus,
624 3444 660 3494 ut
677 3434 772 3497 vides.
791 3454 923 3496 norrun.

250 3523 293 3602 θ’,
333 3519 408 3602 Peg.
430 3521 489 3595 25,
508 3515 538 3598 4.
555 3507 751 3579 Ἀπόκοοκον
781 3518 824 3579 Μ.
851 3517 974 3601 ubique.
1023 3517 1217 3602 Nicephorus'
1241 3522 1321 3602 ‘quo-

134 3644 136 3648 ,
294 3624 312 3665 e
333 3603 481 3688 Gregoras
499 3600 651 3664 bominem
671 3611 840 3662 constanter
865 3602 907 3663 sic
926 3599 1073 3686 appellat3
1097 3605 1199 3685 itaque
1222 3600 1272 3664 hic
1293 3614 1322 3664 et

251 3626 391 3770 lbinceps
411 3688 527 3769 corrige
545 3683 655 3747 codicis
675 3685 713 3747 P.
738 3685 934 3768 scripturam,
967 3696 1003 3747 ut
1024 3689 1085 3748 iam
1112 3686 1237 3749 fecimus
1265 3706 1321 3749 vo·

250 3770 366 3834 lumine
390 3770 530 3833 necundo.

333 3852 410 3935 Pag.
431 3853 481 3931 26,
503 3855 533 3932 4.
563 3874 639 3938 per
663 3865 889 3915 senatorem.
931 3850 1062 3915 Nomina
1091 3847 1265 3934 σύγκλητος
1291 3862 1321 3913 et

251 3930 471 4019 συγκλητικὸς,
489 3946 649 4000 remanet
671 3949 807 4012 senator,
828 3934 910 4020 quod
926 3936 1003 3998 mibi
1014 3936 1119 3999 videor
1132 3936 1319 4013 observasse,

251 4031 355 4083 nonar
375 4022 502 4102 scriptor
531 4019 616 4081 varie
641 4030 777 4101 usurpat.
816 4019 906 4081 Nunc
937 4021 1018 4082 enim
1042 4040 1179 4102 proceres
1206 4018 1320 4080 aulicos

251 4102 451 4165 conciliumve
484 4100 614 4164 aulicum
641 4123 693 4164 seu
712 4113 848 4165 senatum
870 4106 911 4165 im
958 4100 1052 4163 ialam
1075 4104 1139 4166 sive
1158 4106 1320 4185 imperato-

249 4189 355 4250 rium:
391 4206 472 4250 nunc
493 4184 564 4250 balb
583 4186 675 4251 duca
698 4184 893 4251 consiliumve
911 4124 1074 4269 bilicum,
1106 4198 1137 4250 ct
1160 4187 1320 4268 utrobique
