2926 4688
198 657 474 751 intutior
495 659 607 748 Tot
629 655 1163 752 KANTAKOYZHNOY

163 842 166 846 ·
270 853 273 861 ·
424 834 645 919 inopina
662 818 863 903 stanton
888 836 928 903 Δ.

240 1056 539 1157 loeutus
571 1005 1101 1156 csnrscuzssm

417 1197 712 1304 HISTORIARUM
732 1238 855 1301 Ltsnn
873 1238 930 1303 tv.

569 1439 773 1456 m

520 1688 826 1744 Pssntocttt.

206 1890 379 1965 Tettificautr
395 1889 553 1957 historicus,
571 1910 610 1956 ee,
631 1905 791 1966 quaegesta
807 1895 873 1955 sint,
883 1890 1012 1965 fideliter
1022 1908 1213 1955 narraturum.

131 1963 300 2031 imperatrix
318 1960 531 2035 cumstliisante
542 1965 686 2031 imaginem
692 1965 745 2014 Dei
753 1965 896 2033 genitricis
910 1966 1059 2016 consistens
1069 1968 1111 2018 sic
1127 1971 1215 2021 tacite

133 2034 252 2085 victoris
274 2031 493 2084 misericordiam
511 2034 647 2103 implorat.
685 2036 764 2087 Iurat
780 2030 878 2084 ibidem
897 2034 1124 2098 Cantacuzenus,
1148 2055 1176 2090 se
1195 2056 1215 2092 a

134 2104 249 2154 crimine
273 2102 403 2155 alienum.
445 2103 547 2154 biliam
571 2104 702 2155 Helenam
725 2106 828 2156 loanni
856 2104 1018 2172 imperatori
1042 2105 1217 2160 adolescenti

134 2170 291 2242 despondet.
326 2174 509 2224 iuramentum
528 2171 643 2224 subditis
652 2172 780 2244 dtfitrtur.
816 2172 927 2227 Nobiles
944 2173 1117 2293 ”progemes
1141 2180 1219 2229 utri·

134 2259 184 2314 que
209 2243 374 2310 imperatori
395 2255 595 2294 sacramentum
613 2241 704 2295 dicere
723 2255 879 2311 coguntur:
903 2240 936 2294 de
981 2246 1043 2295 onis
1072 2246 1219 2299 mobilibus

131 2330 180 2382 per
197 2312 297 2363 bellum
315 2313 446 2364 alienatis
463 2314 581 2376 sanctio,
615 2313 723 2364 Helena
741 2313 903 2383 imperatris
917 2312 1063 2365 salutatur.
1098 2316 1219 2386 Nuptiae

134 2395 316 2452 apparantur.
360 2384 395 2435 ln
418 2383 531 2451 imperio
550 2401 568 2435 a
589 2380 768 2434 seditionibus
786 2394 812 2434 et
829 2383 914 2432 armis
933 2387 1220 2456 summatranquilli·
1260 2374 1264 2383 ’

133 2464 183 2503 tas.
216 2451 349 2504 Marchio
371 2468 385 2503 e
410 2448 576 2504 lombardia
601 2453 774 2519 Byzantium,
796 2450 1030 2514 Thessalonicam,
1049 2457 1163 2515 Aenum,
1187 2466 1219 2506 ut

133 2522 185 2572 sibi
206 2523 270 2573 iure
294 2533 410 2587 paterno
428 2518 543 2583 debitas,
565 2538 698 2591 occupare
719 2523 824 2591 cogitat
842 2523 921 2590 (Cap.
944 2523 976 2591 s).
1012 2523 1220 2578 bartholomaei

132 2591 217 2662 legati
237 2589 309 2644 duae
327 2592 479 2661 epistolae,
497 2610 555 2643 una
572 2591 612 2644 ad
621 2593 782 2646 Clementem
801 2591 855 2653 Vt,
880 2592 1031 2645 Romanum
1044 2594 1218 2667 pontificem,

133 2664 222 2715 altera
243 2659 282 2713 ad
297 2661 436 2730 Delfinum
457 2661 646 2722 Viennensem,
666 2660 699 2714 de
714 2661 844 2713 laudibus
861 2661 1051 2716 Cantacuteni
1067 2667 1217 2734 inperato-

133 2734 171 2783 ris
188 2734 240 2798 (a).
273 2732 407 2783 Ioannem
429 2731 618 2800 patriarcham
640 2735 825 2790 conveniens,
849 2733 876 2784 ai
892 2733 997 2784 sceltra
1012 2727 1168 2853 praeterita
1185 2736 1218 2786 in

132 2819 161 2852 se
175 2814 202 2855 et
219 2801 432 2870 rempublicam
448 2818 508 2854 sum
524 2798 680 2870 dogmatum
700 2802 839 2869 impietate
855 2801 993 2851 obiectat.-

131 2869 244 2936 Synodo
265 2869 433 2932 damnatur,
459 2871 537 2922 cuius
553 2874 643 2922 locum
662 2866 787 2922 Isidorus
804 2869 928 2991 appetiit.
962 2868 1034 2920 Eius
1050 2870 1121 2922 laus.
1155 2874 1218 2925 Μο-

1034 2804 1181 2855 atriarchu
1198 2821 1218 2855 a

37 2994 43 3015 0
133 2941 211 2994 nocht
238 2939 278 3015 de⁶
292 2939 442 2993 ambitione
459 2940 670 3009 patriarchatus
689 2938 822 3009 reprehen
862 2951 935 2991 ntur.
969 2937 1010 2988 Ab
1033 2938 1143 2993 Isidoro
1163 2944 1218 2993 int-

130 3025 246 3078 perator
262 3010 370 3079 publice
394 3008 569 3062 anathemate
591 3010 747 3063 absolvitur
761 3010 812 3075 (3).
851 3008 892 3060 Ab
910 3005 1036 3061 Orchane
1054 3021 1082 3062 et
1097 3013 1158 3063 eius
1165 3012 1218 3082 fo*

132 3081 208 3132 milia
236 3081 347 3136 visitur.
392 3079 499 3131 Iterum
525 3081 558 3132 in
581 3079 744 3132 blachernis
767 3079 856 3131 iustas
882 3079 916 3130 ob
941 3095 1040 3132 causas
1057 3093 1218 3135 coronatur.

132 3150 238 3203 Ioanni
254 3148 418 3218 imperatori
434 3167 506 3201 uxor
522 3152 657 3217 iungitur.
693 3151 734 3202 De
751 3150 875 3219 collapsa
887 3164 1015 3219 magnam
1027 3162 1133 3219 partem
1148 3149 1218 3204 aeda

131 3222 251 3288 Sophiae
268 3221 400 3290 illiusque
418 3220 632 3272 instauratione.
670 3218 766 3272 Crales
785 3218 867 3271 semel
884 3231 910 3272 et
930 3222 1029 3271 iterum
1047 3222 1216 3290 appellatus,

132 3293 207 3344 urbes
231 3303 296 3354 post
323 3291 405 3342 ictum
427 3287 528 3355 foedus
556 3290 666 3342 oblatae
691 3291 879 3342 restituturum
901 3302 995 3359 negat.
1033 3290 1136 3343 Contra
1155 3308 1216 3342 eum

131 3363 227 3424 copiae
254 3378 314 3414 sunt
331 3359 448 3412 Persicis
472 3360 598 3412 auxiliis.
636 3357 742 3429 Oppida
759 3361 944 3428 imperatoris,
963 3361 1095 3427 quoniam
1112 3378 1130 3411 a
1149 3358 1215 3412 Tri-

133 3429 214 3481 bollis
233 3431 410 3490 testabantur,
432 3426 598 3499 depraedati
610 3428 769 3488 Persae.'in
782 3426 860 3482 sedes
871 3446 936 3481 suas
946 3441 1136 3495 reuertuntur,
1154 3447 1215 3483 cum

134 3500 273 3554 Triballos
285 3500 477 3552 devastarent
494 3497 615 3570 diripere
633 3497 788 3552 debuissent
804 3499 838 3565 (b
848 3502 865 3561 ).
900 3502 1053 3570 Imperator
1070 3512 1215 3568 utrumque

132 3570 223 3639 filium
241 3583 268 3622 et
277 3572 389 3644 fratres
405 3569 501 3621 uxoris
518 3569 678 3622 muneribus
698 3581 790 3625 ornat.
825 3570 964 3622 Pecuniae
980 3570 1087 3621 viritim
1100 3571 1216 3640 taigen-

135 3638 186 3692 dae
204 3643 352 3693 consilium
369 3642 462 3710 capit:
480 3638 571 3693 denuo
590 3658 618 3692 ee
636 3641 821 3692 inconcione
841 3652 939 3692 contra
958 3638 1142 3707 sycophantas
1157 3653 1217 3693 tue·

134 3723 192 3772 tur,
208 3710 242 3764 de
262 3713 359 3783 quibus
377 3712 504 3780 graviter
520 3709 719 3783 conqueritur:
736 3707 770 3761 de
788 3708 916 3763 barbaris
928 3709 1049 3762 subsidio
1063 3711 1172 3763 vocatis
1185 3726 1215 3763 st

132 3795 252 3849 purgat:
281 3783 388 3851 culpam
405 3782 438 3832 in
454 3778 635 3833 adversarios
644 3781 754 3832 reiicit:
771 3777 804 3831 de
820 3777 923 3833 tuenda
938 3779 1091 3852 republica
1104 3792 1217 3833 senten·
1297 3788 1299 3791 “

134 3852 189 3901 tias
204 3854 295 3919 poscit
310 3852 360 3921 (5).
397 3852 506 3904 Civium
521 3846 719 3918 primariorum
738 3866 906 3917 responsum,
923 3867 979 3922 quo
991 3867 1079 3909 suum,
1099 3853 1218 3919 impera·

135 3923 223 3984 toris,
248 3923 361 3982 militis,
385 3921 566 3983 mereatoris,
593 3920 704 3992 opificis
721 3919 844 3990 officiunt
859 3917 1016 3972 declarant.
1054 3921 1144 3973 Causa
1167 3938 1217 3975 es*

137 3993 256 4044 actionis
274 3991 464 4062 pecuniariae·
501 3992 538 4042 ln
554 3991 746 4060 imperatorem
763 3991 936 4042 inimicorum
948 3990 1109 4059 malignitas
1123 4002 1149 4041 et
1161 3992 1217 4044 cri·

138 4060 265 4119 minatio.
301 4064 358 4114 Cur
369 4061 426 4114 illis
441 4063 595 4131 pepercerit
612 4062 804 4133 negotiumque
822 4058 982 4114 deseruerit.
1018 4058 1142 4112 Insidiae
1166 4079 1217 4111 no·

137 4145 192 4182 ttae
218 4129 396 4200 quorumdam
411 4149 555 4201 procerum
574 4144 600 4184 et
621 4134 805 4200 cogitationes
821 4130 889 4183 belli
905 4130 1067 4199 reparandi.
1102 4130 1216 4181 Dantur

137 4201 171 4252 in
187 4201 347 4266 custodiam,
364 4202 530 4275 ignoscitur,
545 4203 674 4275 pristinis
683 4201 880 4273 functionibus
892 4199 1048 4256 redduntur
1057 4200 1106 4271 (6).
1142 4195 1216 4264 Que-
