2908 4678
413 292 469 357 tn
503 292 780 360 elmscumur
815 288 890 356 um.
910 297 965 357 ur.
1143 262 1225 381 537

150 447 262 529 guentii
283 448 406 533 triginta
425 470 474 511 sex
507 446 641 509 millibus
675 445 781 530 viginti
806 455 938 529 quatuor
960 441 1055 505 millia
1075 449 1227 529 periisse.''

150 552 281 594 ronrsu.

231 616 311 696 Png.
327 615 399 691 543,
421 620 446 676 ι’.
466 628 580 675 mente
600 614 747 697 privat.
789 610 881 694 Apud
903 620 1027 683 veteres,
1049 614 1231 696 utquisque

150 694 233 757 Deus
252 702 371 780 cuique*
392 698 508 759 homiui
541 698 617 758 bene
650 707 704 756 aut
732 693 809 755 male
832 691 1003 755 consultum
1023 708 1165 777 cuperet,
1188 703 1230 758 ita

150 780 178 840 ei
200 780 314 841 bonum
343 792 395 842 aut
425 779 538 843 malum
557 777 715 841 consilium
736 778 807 839 dare
828 777 1012 860 putabatur,
1042 778 1232 860 profuturas-

150 885 210 944 quc
229 875 281 924 aut
299 867 450 925 nocituras
469 863 648 945 cupiditates
667 864 699 924 iu
720 863 784 922 eius
806 864 940 922 animum
962 862 1130 925 immittere.
1182 864 1229 925 Ex

151 968 211 1028 qua
229 949 371 1029 opinione
387 959 433 1009 ast
455 947 530 1008 illud
551 948 673 1009 Aeneae
683 944 776 1027 'apud
790 946 946 1006 Maronem
958 964 984 1006 a.
995 944 1143 1010 Aeneid.:
1166 947 1231 1008 Hic

150 1031 227 1091 mz'lri
247 1031 441 1116 nescioquod
460 1030 576 1114 trepido
598 1030 681 1090 male
710 1050 817 1089 numen
836 1031 964 1089 amicum
987 1029 1142 1107 corfinum
1168 1033 1231 1092 eri·

145 1115 215 1196 pru'e
234 1128 369 1175 utentem.
411 1116 453 1176 Et
479 1114 632 1174 Ciceronis
659 1133 715 1194 pro
731 1110 867 1173 Milone:
892 1111 955 1171 Hic
973 1111 1020 1171 dii
1034 1114 1229 1187 immortales,

149 1209 183 1256 ut
198 1218 290 1281 supra
310 1198 402 1270 dmi,
435 1209 561 1257 mentem
588 1195 733 1257 dedenm
755 1195 804 1253 illi
829 1194 948 1338 perdito
974 1213 1014 1254 oc
1031 1196 1174 1274 furioso,
1199 1209 1232 1256 ut

149 1279 217 1339 hriic
228 1282 356 1360 faceret
380 1280 516 1341 numius.
558 1279 623 1340 Nos
646 1277 809 1339 Christiani
852 1279 966 1339 omines
994 1276 1152 1339 sceleratos
1172 1277 1230 1339 sli-

149 1363 272 1443 quando
300 1366 450 1425 excaecari
474 1384 493 1423 a
513 1363 579 1423 Deo
613 1371 643 1423 et
674 1360 755 1421 bona
776 1371 876 1422 mente
902 1358 1087 1442 consilioque
1107 1360 1230 1444 spoliari

151 1445 330 1525 credimus,
362 1457 398 1507 ut
417 1446 456 1507 ad
477 1467 605 1528 poenas,
630 1466 705 1527 quas
725 1454 925 1521 meruerunt,
950 1443 1111 1505 deveniant
1131 1455 1161 1505 ct
1181 1465 1232 1506 eas

147 1548 328 1611 praecavere
342 1550 403 1591 non
417 1533 545 1614 possint.
588 1530 625 1589 ln
637 1548 698 1611 quo
716 1549 749 1590 ss
759 1527 863 1591 divina
879 1526 1001 1589 tandem
1014 1529 1126 1590 iustitia
1145 1548 1232 1590 ense·

149 1613 201 1677 rit.
222 1633 351 1674 roncas.

230 1694 453 1778 Pap-5441&
473 1694 615 1759 videre
644 1694 765 1772 iubet,
789 1714 838 1756 ne
868 1693 967 1779 quid
993 1692 1143 1777 respub.
1168 1691 1232 1759 de·

149 1776 342 1840 trimenti
370 1782 526 1865 capiat.
568 1780 617 1840 Sic
641 1778 756 1856 reddo,
775 1774 859 1858 quod
878 1778 922 1857 ait
942 1777 1088 1853 Graecus,
1110 1776 1231 1839 iussisse

149 1862 371 1943 imperatricem
400 1864 546 1925 isaacium
574 1863 706 1922 Asanem
738 1861 846 1920 πᾶσαν
877 1852 1028 1938 πρόνοιαν
1054 1860 1246 1920 usserman

150 1943 232 2020 Quid
253 1957 355 2005 autem
375 1947 414 2007 sit
433 1956 464 2006 et
483 1944 605 2027 quando
630 1943 801 2021 iuberetur,
835 1941 913 2004 bene
940 1944 1053 2005 indicat
1070 1941 1230 2005 Sallustius

147 2025 180 2086 in
200 2024 280 2088 bello
301 2027 480 2091 Catilinario
497 2049 564 2110 mp.
583 2048 634 2110 ²9·
657 2047 786 2093 sonam.
1177 2084 1179 2089 ,
1205 2062 1209 2067 -

229 2109 458 2192 Pag.550,21.
492 2130 686 2194 syncope.
736 2109 784 2170 Ex
813 2108 947 2169 Gorraeo
975 2104 1085 2169 illustri
1112 2107 1230 2169 medico

147 2192 223 2254 haec
243 2193 335 2275 refert
361 2194 531 2277 Stephanus
563 2195 596 2255 in
626 2194 794 2254 thesauros
838 2191 977 2273 syncope
1010 2202 1055 2252 est
1089 2212 1229 2273 praecepa

148 2277 286 2339 omnium
304 2278 417 2338 virium
437 2276 546 2360 lapsus,
566 2286 601 2336 ut
624 2275 756 2337 Galenus
776 2285 847 2335 ante
867 2295 901 2335 se
919 2295 939 2334 a
959 2273 1110 2336 veteribus
1131 2276 1230 2336 medi·

147 2362 190 2422 cis
209 2359 365 2421 delinitum
388 2382 451 2422 esse
471 2359 613 2443 prodidit.
652 2359 736 2441 Ergo
768 2372 837 2418 oum
857 2359 982 2419 msentia
1002 2360 1135 2436 virium,
1157 2360 1228 2439 qui-

147 2443 206 2505 bus
226 2446 340 2525 regitur
359 2460 481 2526 corpus,
502 2454 570 2504 tum
590 2445 623 2503 in
645 2443 764 2528 spiritu,
786 2452 853 2502 tum
873 2442 907 2501 in
927 2439 1093 2504 solidorum
1121 2462 1229 2524 corpo·

148 2547 221 2587 rum
239 2537 476 2610 temperamento
504 2527 674 2606 consistat,
704 2525 804 2608 palam
837 2535 903 2597 est,
935 2524 1012 2586 nihil
1045 2524 1155 2586 horum
1173 2547 1228 2607 per

147 2620 297 2692 syncopen
319 2631 440 2672 manere
460 2611 629 2692 integrum,
661 2610 714 2671 sed
735 2619 845 2670 cuncta
872 2606 979 2671 collabi
1000 2628 1035 2671 uc
1069 2608 1227 2691 dissipari,

148 2713 218 2754 cum
244 2694 352 2776 spiritu
378 2693 500 2776 quidem
524 2694 653 2755 calorem
685 2694 851 2769 nativum,
883 2694 926 2752 itu
946 2713 1015 2752 cum
1043 2713 1079 2753 eo
1100 2694 1229 2753 mixtum
1252 2695 1259 2707 ‘

147 2788 239 2858 atque
259 2777 439 2854 confusum,
467 2788 502 2838 ut
532 2798 688 2858 nunquam
716 2776 756 2836 ab
782 2775 911 2836 invicem
932 2776 1063 2857 separari
1093 2776 1227 2855 possint,

147 2881 219 2920 cum
239 2859 405 2922 solidorum
440 2871 542 2920 autem
574 2878 735 2942 corporum
767 2869 1023 2938 temperamento,
1061 2868 1127 2918 tum
1158 2879 1229 2919 cum

149 2944 250 3025 ipsum
270 2943 400 3005 calorem
424 2942 581 3024 singulisa
604 2955 713 3004 natura
734 2943 872 3024 partibus
885 2943 1021 3017 insitum,
1037 2951 1101 3001 turn
1124 2941 1227 3001 humi·

147 3026 222 3088 duru
241 3026 316 3089 illud
342 3028 551 3110 primigenium
573 3037 603 3087 et
624 3025 780 3103 radicale,
816 3047 877 3107 quo
896 3045 963 3086 uno
996 3023 1079 3087 velut
1112 3024 1228 3107 glutino

147 3110 281 3194 quodum
301 3111 397 3172 robur
417 3131 520 3172 earum
541 3112 721 3175 continetur.
744 3130 877 3171 runnu.
1131 3114 1135 3121 “

229 3193 260 3255 Ρ
300 3192 441 3273 .551,1.
463 3196 598 3255 uinum
618 3212 818 3254 meracum
839 3206 960 3256 uetus.
1002 3190 1118 3256 Vinum
1143 3202 1230 3254 rems

145 3296 209 3340 esse
230 3280 338 3339 meins
359 3298 397 3338 ac
414 3276 564 3339 salubrius
584 3295 684 3354 novo,
711 3275 805 3359 idque
823 3274 927 3338 multis
957 3274 995 3337 de
1028 3277 1142 3348 musis,
1172 3275 1231 3339 elo·

123 3372 214 3423 toent
234 3361 341 3422 medici
363 3372 394 3422 et
415 3360 528 3427 iudicat
547 3380 651 3422 seusus
670 3361 851 3431 communis,
873 3359 1105 3440 iudicsmntque
1125 3379 1229 3420 omnes

144 3443 249 3528 populi
265 3465 394 3525 semper.
435 3446 481 3506 Ex
496 3465 557 3526 quo
577 3464 665 3506 seusu
680 3443 795 3504 dictum
810 3453 855 3504 est
871 3443 1054 3505 aSalvatore
1066 3443 1166 3503 Lucae
1177 3445 1205 3506 5.
1218 3462 1228 3502 t

146 3528 245 3591 Nemo
270 3529 369 3589 bibens
400 3528 505 3590 virmm
530 3540 629 3601 uena,
663 3528 768 3587 statim
789 3528 854 3588 uult
880 3548 1014 3588 uocauit
1043 3526 1120 3587 dicit
1136 3527 1229 3602 cuim,

146 3624 230 3672 octus
251 3612 358 3672 melius
381 3624 435 3672 est.
480 3610 560 3672 Hinc
580 3622 610 3671 et
635 3608 760 3671 Plautus
775 3610 904 3672 Casina:
919 3611 994 3691 'Qui
1014 3620 1134 3669 uniatur
1157 3609 1230 3668 vino

146 3708 261 3769 vetere,
285 3694 432 3778 sapientes
454 3707 537 3777 puto.
580 3693 798 3754 Verumtamen
829 3693 1001 3774 insipientes
1031 3693 1080 3751 isti
1106 3691 1229 3769 medici,

146 3776 221 3837 dum
242 3776 372 3841 colorem
391 3776 502 3859 frigore
518 3775 626 3837 volunt
646 3774 758 3856 pellere
780 3785 811 3835 ct
835 3774 931 3856 frigus
954 3773 1064 3849 calore,
1097 3780 1106 3854 (
1117 3773 1229 3836 caleia-

147 3862 189 3921 cit
209 3871 309 3922 autem
330 3863 437 3922 vinum
464 3869 495 3920 et
514 3880 576 3941 quo
599 3861 768 3934 meracius,
798 3879 835 3918 co
856 3860 989 3940 magis‚)
1010 3858 1152 3918 miserum
1174 3879 1230 3939 pn-

146 3944 270 4004 tientem
290 3964 377 4005 suum
399 3947 409 4024 (
420 3946 455 4005 ut
480 3936 598 4025 inspuit·
618 3940 728 4013 παῖδες
746 3940 826 4002 male
845 3940 991 4004 habentes
1014 3944 1139 4022 vocant)
1161 3962 1230 4024 per·

88 4065 93 4074 ·
138 4025 299 4087 ·diderunt.
333 4047 461 4094 nontin.

229 4108 431 4190 Pagsssa.
460 4122 622 4194 portam
653 4109 885 4188 Xylocerci.
926 4108 973 4170 Ex
1003 4107 1108 4189 viginti
1130 4105 1231 4168 tribus

143 4193 240 4281 portis
259 4193 546 4280 Constantinopolis,
568 4202 603 4255 ut
625 4192 716 4255 refert
736 4191 959 4276 Leuncnvius,
983 4191 1142 4255 undecima
1168 4210 1230 4254 ao·
