2926 4688
216 260 275 349 58
617 287 896 357 mnunfflmai
949 320 957 339 ι

60 448 131 504 ΜΞ.
142 434 482 532 ιδδγέανλρσιόνδσφν
499 441 568 528 ἔχει
583 439 640 531 τὴν
656 438 767 530 ἐφισιν
784 445 840 510 καί
857 441 917 527 τὴν
935 443 1084 531 σπονδὴν,
1103 443 1181 527 oaldi
1192 442 1297 528 λόγοις

215 542 377 611 δύνασθαι
390 545 569 630 καταφανὲς
587 549 698 609 ποιεῖν.
738 539 818 627 πλὴν
838 537 936 618 οὕτως
952 535 1037 609 εἶναι
1057 540 1113 607 καί
1126 540 1203 628 πρὸς
1216 545 1295 607 ταῦ-

214 645 580 728 τατιαρισκεοασμίνον,
602 636 687 722 ὥστ’,
710 642 741 706 εί
759 639 899 724 δεήσειεν
920 641 1019 708 αὐτὸν
1039 638 1119 727 δτιὲρ
1144 645 1199 726 τῆς
1219 637 1297 724 ipo-

213 745 303 818 νοίας
330 741 565 828 ἀποσφαγῆναι,
590 735 629 807 ον’
648 737 748 823 μόνον
766 741 954 826 ἐμπαρέξτιν
968 736 1089 809 ἐαατδν
1108 740 1293 826 προθύμως,

214 837 296 905 (illd
327 838 383 907 καί
406 838 572 925 μάχαιραν
600 840 864 924 προσεπιδοῦναι·
918 832 939 922 ἢ
965 843 996 905 εἰ
1014 838 1112 917 δόξειε
1132 837 1320 907 scutinei

215 934 271 1004 eat
291 943 347 1023 τῆς
366 939 486 1024 τέφρας
506 939 564 1003 τοῦ
582 934 703 1005 ἐκείνου
723 933 870 1020 σώματος
889 935 946 1023 τὴν
964 940 1076 1004 ἐνασιν
1095 949 1166 1033 ταῖς
1185 939 1294 1023 ἐκκλη-

214 1040 301 1114 σίαις
325 1038 567 1123 βραβεοδῆναι,
599 1034 699 1103 αδτδν
719 1038 773 1103 ἐπί
791 1036 848 1121 τήν
867 1035 973 1124 nuptia
995 1040 1118 1127 πρῶτον
1137 1040 1295 1105 ἐπιθεῖναι

214 1132 312 1216 ξύλα,
344 1137 386 1202 δι’
412 1125 457 1203 οἷν
484 1137 721 1222 ἐκτιφροιδῆναι
741 1139 915 1221 περιέσται.
963 1137 1034 1201 δέον
1064 1137 1172 1218 μέντοι
1200 1138 1295 1202 τοῦτο

214 1231 250 1299 ad
276 1234 360 1317 μέγα
387 1256 422 1300 τι
443 1236 498 1299 καί
516 1229 699 1316 θαυμάσαι
720 1236 776 1299 καί
795 1237 857 1298 ταῖν
876 1227 980 1300 ἄλλων
999 1232 1145 1313 ἀντάξιον
1172 1237 1296 1301 πάντων

186 1330 307 1417 Βέργον
331 1331 378 1417 μὴ
410 1327 517 1409 ἅπλῶς
543 1329 626 1399 odam
653 1333 709 1399 καί
728 1334 796 1419 εἰκῇ
817 1330 872 1397 καί
891 1332 1124 1418 ἀπερισκέπτως
1141 1336 1295 1417 γίνεσθαι,
1308 1357 1345 1397 ιο

214 1430 296 1496 ἀλλὰ
328 1435 445 1516 πολλῆς
471 1429 619 1518 πρότερον
639 1429 768 1518 ἐρεύνης
788 1426 982 1511 ἀξιώσαντας
1000 1436 1056 1498 καί
1074 1435 1178 1499 πᾶσαν
1197 1455 1297 1498 σπον-

213 1530 272 1617 δὴν
291 1533 526 1611 ἐνδειξαμένους
545 1535 621 1615 περί
641 1534 699 1597 τοῦ
720 1523 807 1607 ὄντος
828 1527 969 1615 ἀγαθοῦ,
999 1528 1081 1598 οὕτω
1107 1541 1224 1619 χωρεῖν
1243 1528 1299 1597 ἐπί

212 1628 271 1716 τήν
296 1629 417 1715 αἵρεσιν
429 1634 490 1695 τῶν
513 1629 687 1696 δοκούντων
709 1628 893 1717 δρθοένααί
910 1626 1064 1717 ἀσφαλῶν
1086 1637 1158 1717 περὶ
1174 1630 1230 1715 τὴν
1244 1632 1296 1694 πί-

212 1754 291 1797 στιν.
339 1722 454 1797 ἄτοπον
482 1728 543 1817 γὰρ
573 1734 647 1816 περί
676 1732 820 1814 ἐπιγείων
844 1733 904 1810 μέν
923 1754 1017 1795 τινοιν
1035 1731 1296 1813 βουλευομένους,

213 1821 259 1895 δν
277 1829 375 1916 μικρά
395 1853 429 1896 aa
450 1829 469 1915 ἦ
490 1820 596 1915 ὄνησις
615 1832 804 1913 ἐπιτυχοῦσι
821 1829 877 1894 καί
895 1829 915 1915 ἦ
938 1832 1196 1922 ζγμιασφαλεῑσι
1209 1854 1294 1915 ‹pno-
1308 1826 1345 1891 15

211 1931 336 2012 λοτίρα,
355 1931 430 2017 περί
450 1933 552 1994 ταῦτα
571 1931 630 2010 μὲν
649 1932 754 1994 πᾶσαν
773 1929 991 1995 interimatur
1010 1926 1162 2014 σπονδήν,
1181 1927 1227 2011 μὴ
1238 1930 1296 1992 τοῦ

214 2030 377 2105 δοκοῦντος
405 2029 532 2112 aratori
559 2030 762 2114 διαμαρτεῖν,
795 2024 870 2113 περί
898 2027 1054 2112 ον’ρανίοιν
1074 2030 1109 2093 δὲ
1127 2028 1183 2092 τοῦ
1202 2025 1296 2110 λόγον

215 2120 305 2203 ὄντος
327 2130 382 2194 καί
408 2129 471 2192 τοῖν
501 2130 576 2210 περί
601 2123 659 2212 τήν
684 2130 790 2192 mirrea
809 2127 956 2191 αἀλανῶν
977 2123 1160 2209 δογμάτων,
1180 2126 1299 2191 τούτων

187 2220 322 2313 (ὶόλίγιγν
341 2225 411 2293 τινα
433 2230 596 2295 ποιεῖσθαι
621 2222 679 2310 τήν
699 2226 853 2312 φροντίδα
873 2224 930 2290 καί
944 2219 1054 2308 μόνοις
1073 2220 1194 2301 ἑαυτοῖς
1214 2217 1298 2308 θαρ-

215 2325 284 2415 ῥεῖν
302 2323 383 2410 πρὸς
399 2329 545 2392 τοσοῦτον
562 2321 707 2408 γνώσεως
726 2318 811 2407 δίψος
831 2327 1020 2409 ἐξαρκέσειν.
1059 2328 1148 2388 τοῦτο
1170 2321 1230 2408 γαρ
1251 2312 1347 2386 rino

209 2452 265 2500 ναι
283 2429 391 2508 τοῦτο,
412 2421 432 2493 δ
452 2428 508 2490 καί
526 2421 583 2509 τὴν
602 2423 768 2491 διάστασιν
786 2426 945 2508 ἐνεποίησε
964 2431 1034 2499 ταῖς
1051 2424 1227 2507 ἐκκλησίαις
1247 2423 1302 2513 ε”ξρ

212 2530 326 2614 αρχῆς.
366 2526 397 2591 εἰ
414 2521 476 2609 γὰρ
499 2519 529 2587 oi
550 2520 683 2608 πρώτας
705 2519 746 2589 τὰ
772 2525 830 2588 νῦν
849 2519 911 2588 δπδ
933 2526 988 2609 τῆς
1002 2522 1169 2603 Ῥωμαίων
1190 2522 1299 2605 ἐκκλη-

211 2632 284 2705 σίας
304 2623 537 2711 πρεσβευόμενα
557 2619 702 2708 δόγματα
724 2617 926 2706 ἐξενεγκόντες
946 2617 991 2707 pu}
1013 2615 1200 2707 ἐθάρρησαν
1221 2613 1299 2684 ἐαυ-

280 2784 307 2856 d.
324 2779 517 2855 δποφαγῆναι
532 2779 559 2836 Ρ.
632 2778 656 2832 8.
675 2777 731 2853 μὲν
746 2780 861 2834 τοιοῦτο
882 2779 919 2836 it
935 2795 985 2851 pro
997 2780 1099 2853 μέντοι
1120 2780 1229 2835 τοῦτο.
1298 2820 1301 2825 ,

212 2909 357 2964 Enimvero
374 2910 411 2963 ad
427 2909 481 2964 hoa
496 2915 641 2979 tantopere
657 2909 724 2963 farri
741 2925 802 2965 sese
820 2915 850 2963 et
864 2908 993 2972 incitari,
1011 2916 1043 2962 ot
1055 2910 1083 2961 sl
1093 2925 1142 2979 pro
1154 2908 1299 2964 eoncordia

212 2982 331 3034 interfici
349 2988 502 3051 oporteret,
521 2980 686 3034 nouaclum
706 2981 884 3033 interficienti
902 2979 1038 3049 iugulum,
1060 2980 1110 3034 sed
1130 2990 1157 3032 et
1174 2980 1298 3050 gladium

212 3051 339 3104 alacriter
359 3053 419 3120 ipae
436 3051 574 3123 porrigere
589 3049 689 3103 velletr
711 3057 761 3102 aut
779 3051 803 3102 si
822 3057 964 3119 putaretur
980 3053 1040 3119 ipse
1058 3058 1168 3104 exustus
1187 3067 1235 3121 per
1254 3052 1298 3102 ci-

212 3134 292 3173 neres
311 3123 432 3190 eorporis
455 3124 499 3174 sui
524 3120 648 3173 ecclesiis
676 3135 838 3172 consensum
865 3122 1150 3192 conspisntionemqne
1174 3121 1298 3175 tributu·

214 3208 271 3252 rus,
286 3191 378 3258 ipsum
395 3207 424 3244 se
443 3198 508 3243 ante
525 3191 595 3242 allos
613 3189 689 3260 ligna
703 3190 734 3241 in
754 3207 856 3259 pyram,
874 3207 928 3261 qua
944 3193 975 3243 in
989 3192 1107 3245 cinerem
1121 3191 1298 3262 redigeretur,

213 3262 415 3330 impositurum.
451 3263 580 3313 Attamen
597 3261 654 3313 tale
685 3269 795 3331 umque
819 3278 944 3330 magnum
971 3270 1000 3315 et
1023 3261 1185 3315 admirabile
1212 3269 1242 3314 et
1266 3280 1300 3313 u-

211 3347 279 3383 num
297 3332 385 3383 instar
401 3332 523 3385 omnium
541 3348 608 3401 opus
628 3346 684 3383 nun
704 3331 743 3385 ita
762 3331 939 3402 indiligenter
963 3348 996 3383 ac
1021 3341 1124 3386 temere
1152 3340 1180 3385 et
1201 3335 1299 3384 incon·

210 3401 285 3454 salto
304 3401 382 3464 fieri,
400 3401 449 3455 sed
465 3409 621 3471 antegressa
638 3401 813 3471 indagatione
831 3402 917 3455 multa
935 3404 1066 3473 omnique
1090 3403 1239 3456 sedulitate
1263 3402 1299 3455 ad

211 3486 276 3526 vere
297 3470 399 3524 bonum
416 3472 631 3540 cognoscendum
649 3471 785 3535 adhibita,
802 3472 843 3524 sie
860 3472 969 3527 demum
987 3490 1019 3525 ea
1040 3475 1141 3542 eligere
1161 3482 1300 3543 oportere,

212 3557 285 3612 quae
310 3542 392 3594 tidem
407 3559 560 3612 germanam
578 3552 608 3598 et
623 3550 710 3596 tutam
724 3544 868 3665 complecti
881 3542 1036 3602 videantur,
1072 3547 1199 3613 ineptum
1214 3545 1298 3627 qnip-

211 3628 249 3681 pe
267 3627 300 3663 ac
317 3619 397 3683 turpe
414 3613 521 3676 videri,
540 3612 575 3668 da
592 3612 758 3687 quibusdam
797 3613 857 3665 uxis
874 3623 904 3668 et
922 3614 1032 3667 caducis
1051 3615 1168 3666 consilia
1188 3620 1300 3684 agitan-

211 3689 275 3745 tes,
299 3699 370 3752 qnae
394 3691 423 3737 et
446 3684 553 3755 adeptis
572 3683 647 3738 hand
669 3685 699 3737 in
717 3700 765 3738 eus
782 3685 1012 3748 emolumentum,
1031 3693 1060 3738 et
1076 3686 1216 3738 nostratis
1238 3685 1300 3737 leue

212 3751 343 3805 damnum
369 3753 491 3822 pariant,
520 3756 551 3809 in
577 3757 634 3809 illis
660 3756 764 3808 nolam
788 3753 948 3825 diligentiae
973 3764 1078 3825 partem
1098 3759 1235 3817 omittere,
1253 3771 1299 3817 oe,

212 3823 289 3943 φοοδ
308 3821 411 3876 bonum
429 3833 563 3894 apparet,
581 3828 737 3887 amittatur,
763 3842 825 3878 cum
844 3825 878 3878 de
896 3825 1061 3880 coelestibus
1084 3835 1114 3881 et
1131 3825 1166 3877 de
1183 3826 1300 3877 scritate

232 3900 367 3962 ogmatum
386 3895 451 3949 fidei
470 3897 594 3965 quaestio
612 3902 664 3959 est,
684 3913 767 3967 parva
785 3896 861 3965 taugi
879 3895 1076 3960 sollicitudine,
1094 3905 1123 3949 et
1143 3896 1228 3949 fidere
1245 3895 1301 3948 tibi

211 3963 276 4027 soli,
291 3965 406 4033 perinde
424 3982 456 4017 ac
475 3967 497 4017 si
517 3984 566 4037 per
582 3976 611 4020 ta
629 3968 665 4020 ad
683 3976 739 4019 tam
756 3965 903 4019 sublimem
921 3967 1103 4035 cognitionem
1121 3967 1158 4018 sis
1173 3967 1298 4020 idoneus.

212 4032 379 4099 limenius,
399 4035 452 4088 hoc
469 4053 544 4101 esse,
565 4038 638 4091 unde
659 4055 674 4090 a
695 4037 843 4107 primordio
861 4035 891 4089 in
909 4037 1023 4091 ecclesia
1045 4037 1180 4091 dissensio
1204 4053 1302 4088 mana-

211 4103 290 4156 verit.
325 4104 355 4157 si
371 4107 458 4170 enim,
480 4110 528 4177 qui
548 4109 629 4178 primi
647 4108 809 4169 lucerinam,
828 4123 900 4178 quae
919 4124 992 4161 nune
1008 4108 1079 4177 apud
1092 4111 1239 4161 Romanum
1254 4122 1301 4158 ec·

140 4244 141 4250 p
213 4173 325 4233 elesiam
339 4178 427 4249 riget,
445 4179 628 4245 intulerunt,
642 4197 698 4235 uon
714 4179 773 4233 sibi
788 4186 895 4235 tantan
912 4187 1096 4250 arrogassent,
1120 4195 1212 4248 neque
1230 4178 1301 4237 alios
