2900 4676
471 274 528 341 sa
556 273 835 341 cauriensem
864 278 1013 345 nuru.
1192 249 1277 338 533

193 445 300 502 sacra,
320 433 355 489 ut
377 426 484 492 domus
504 440 536 491 et
553 428 666 513 templa
686 441 718 491 et
738 432 920 492 monasteria
939 427 1177 514 intelliguntur,
1199 433 1278 495 dici.

193 510 334 592 citusque
356 505 373 572 ὅ
392 511 449 572 τοῦ
467 513 630 574 οακελλίου
648 515 712 574 siue
732 513 923 591 adiectione,
944 535 1023 597 quae
1043 525 1144 577 tamen
1164 516 1279 577 subau-

186 591 288 671 ditur,
313 604 344 655 et
364 595 472 656 Latine
493 595 673 664 sacellarius.
714 596 851 658 Vocatur
875 597 980 658 eodem
1000 601 1135 671 nomine,
1157 602 1208 680 qui
1229 621 1279 660 sa-

193 676 254 736 cris
279 685 310 736 et
329 678 396 739 Deo
427 677 533 740 dicatis
553 679 729 740 hominibus
748 679 914 761 praefectus
934 691 989 742 est.
1031 683 1066 741 ln
1088 680 1191 742 codice
1212 683 1280 742 Au-

193 769 322 839 gustano
348 760 539 844 Pachyrnerii
570 761 726 824 historiam
757 765 931 823 continente
959 766 1003 824 ita
1035 766 1181 845 scriptum
1213 776 1276 825 est:

195 838 332 902 οοκελλοὶ
354 862 401 916 ιος
431 840 450 903 ὅ
480 838 641 906 παιδεύων
679 838 754 916 τούς
797 841 1005 923 densissime
1038 867 1102 906 τωκ
1129 847 1280 925 μοκαγῶιι

194 917 251 983 stas*
277 864 387 1005 ispdur
421 921 477 987 sal
497 926 673 990 εἰιιοτοτῶκ
704 924 926 1009 percomplere
951 933 1016 1000 τοῖς
1041 925 1193 1013 οἶκδρῴοις
1223 912 1280 989 καὶ

193 1007 393 1088 γυναικείοις.
416 1029 546 1072 rosrsu.

276 1090 485 1172 Pag.452,a.
502 1094 746 1175 periurium,
773 1093 915 1177 inquit,
934 1105 991 1154 est
1008 1094 1173 1174 negatio
1187 1093 1278 1153 Dei.

192 1170 251 1234 Est
270 1172 302 1232 iu
323 1176 477 1236 sententiis
504 1174 685 1236 Nazianzeai
717 1177 897 1237 tetrastichis
930 1178 1140 1237 tetrametrisr
1185 1168 1278 1254 ὅρκον

193 1251 232 1314 dl
252 1254 350 1336 φεῦγε
368 1251 484 1317 πάντα.
527 1257 593 1328 πῶς
613 1249 671 1319 οὖν
690 1256 850 1335 nerhenes,
871 1252 952 1342 λόγῳ
973 1252 1079 1344 τρόπῳ
1099 1276 1133 1318 rs
1153 1252 1209 1318 τὸν
1225 1252 1279 1315 λό-

193 1355 248 1416 γον
270 1337 478 1423 πιστουμένου·
500 1328 629 1419 ἄρνησίς
655 1337 722 1401 ἐστι
751 1339 810 1401 τοῦ
832 1340 911 1401 θεοῦ
938 1340 1126 1421 ψοοδορκία.
1167 1340 1280 1400 Cauta·

193 1438 323 1481 cusanus
347 1419 489 1500 ἐπιορκία
509 1425 607 1503 posuit
638 1440 694 1506 pro
726 1422 920 1505 ψοοδορκίο,
952 1444 1037 1485 secas
1057 1443 1150 1506 quam
1174 1443 1278 1484 versus

192 1502 385 1584 requirebat3
410 1505 541 1566 elidem
558 1516 614 1566 est.
640 1525 769 1567 rosrsr.

281 1585 443 1668 Papilio,
459 1588 488 1653 ὅ.
511 1584 580 1647 ἀλλ’
600 1587 768 1667 dedicisse
786 1585 869 1648 dcxci
886 1578 1034 1667 θτρίζεικ.
1075 1586 1278 1649 Proverbium
1361 1610 1364 1621 ·

192 1667 233 1731 de
254 1690 311 1745 eo,
332 1669 415 1751 quod
435 1670 498 1731 fieri
518 1691 578 1730 non
602 1682 699 1753 potest
719 1691 771 1731 seu
792 1669 874 1751 quod
898 1670 1040 1744 inaniter,
1062 1669 1211 1731 inutiliter
1230 1671 1278 1747 fit,

193 1751 232 1812 de
255 1751 359 1815 labore
377 1750 481 1819 sterili.
519 1746 703 1834 Ἀκθέρικοκ
725 1752 849 1833 quidem
869 1751 1001 1811 fructum
1021 1751 1187 1834 asphodeli,
1209 1754 1279 1835 qni·

193 1833 266 1896 dam
294 1834 411 1897 saulem
443 1845 562 1896 tantum
593 1857 658 1897 esse
691 1832 807 1895 scribit.
864 1833 1034 1917 Hesychius
1059 1831 1227 1912 ἀνθέρικον
1248 1845 1281 1896 et

192 1917 349 1998 asphodeli
371 1916 504 1978 fructum
525 1927 555 1978 et
578 1917 689 1979 herhas
714 1916 868 1998 quoddam
897 1937 991 2000 genus
1016 1937 1082 1978 esse
1100 1916 1192 1992 vult,
1213 1917 1280 1978 for*

192 2007 273 2060 tasse
294 1998 380 2076 illud,
401 2000 483 2082 quod
503 2002 590 2063 aiunt
608 2001 733 2083 quidam
754 2002 824 2060 meti
844 2019 907 2060 non
926 2018 1031 2081 posse,
1052 1999 1106 2059 sed
1126 2009 1162 2058 ut
1181 1998 1280 2061 linum

192 2082 334 2145 manibus
357 2081 428 2146 velli
459 2083 569 2146 debere
596 2095 627 2146 et
645 2083 720 2146 hine
744 2082 858 2146 sactum
879 2080 1077 2166 proverbium
1111 2075 1279 2162 οἷκθέρικον

193 2163 343 2248 θερίζειν.
370 2186 503 2229 rostras.

276 2247 443 2329 Paprldi,
477 2293 485 2308 .
506 2247 740 2335 proclivius
769 2261 829 2311 est
853 2269 874 2309 a
899 2245 1013 2313 vitio.
1064 2243 1151 2309 msa
1179 2246 1277 2307 enam

192 2332 256 2392 atne
279 2333 419 2410 magr'rtro
440 2270 611 2410 chisimus,
639 2335 737 2414 inquit
759 2333 883 2393 Seneca.
926 2329 968 2391 At
991 2329 1089 2390 virtus
1113 2330 1277 2389 institutio·

192 2433 280 2489 uem,
303 2426 482 2496 praecepta,
505 2414 641 2476 laborem
662 2417 964 2495 exercitationemque
991 2411 1153 2473 desiderat.
1199 2411 1276 2471 Sen-

192 2517 242 2557 sus
263 2497 341 2557 ersim
367 2511 397 2558 et
415 2501 554 2579 cogitatio
572 2500 700 2559 lumsam'
721 2499 822 2560 cordis
844 2500 877 2560 in
898 2496 1012 2558 malton
1026 2515 1127 2579 prona
1146 2507 1214 2555 acu
1226 2494 1277 2557 ab

192 2579 393 2641 adolescentia
408 2600 477 2653 sua,
501 2582 625 2644 Genesis
643 2580 673 2642 8.
697 2602 825 2643 scuras.

276 2662 353 2743 Pag.
368 2661 505 2742 46412.
536 2665 671 2725 solves
700 2677 737 2725 et
769 2663 936 2745 ligabis,
965 2678 1072 2746 quae
1098 2659 1178 2738 fas
1204 2669 1275 2718 est.

191 2743 276 2807 Haec
294 2745 388 2807 verba
406 2748 636 2807 Cantseuzeuus
659 2746 730 2829 legit
750 2747 832 2827 apud
851 2755 988 2808 sanctum
1003 2741 1189 2803 Clementem
1210 2741 1276 2819 epi·

76 2865 84 2882 .
190 2827 268 2890 stola
292 2850 317 2895 r.
337 2828 378 2889 ad
400 2828 544 2890 iacobum
567 2829 690 2889 fratrem
709 2830 849 2903 domini,
871 2848 932 2891 aon
956 2824 1061 2907 procul
1080 2846 1098 2885 a
1117 2824 1274 2906 principio.

82 2942 86 2949 ¹
130 2927 134 2933 '
188 2912 294 2973 Rulini
313 2912 472 2974 translatio
503 2915 546 2974 sie
572 2911 664 2973 habet
692 2914 815 2989 (narrat
846 2922 949 2971 autem
981 2905 1139 2982 Clemens,
1164 2904 1276 2988 quibus

188 2995 290 3057 verbis
305 2997 404 3077 ipsum
422 3006 544 3057 sanctus
562 2995 671 3056 Petrus
691 2995 748 3055 sub
770 3005 898 3055 mortem
920 3012 974 3054 seu
994 2991 1173 3072 martyrium
1185 3008 1276 3049 suum

187 3079 331 3140 ecelesiae
367 3081 475 3141 astanti
504 3101 561 3162 pro
582 3074 1021 3151 successore‘commeudsrit,)
1041 3074 1175 3155 Propter
1195 3069 1279 3155 quod

188 3163 248 3247 ipsi
272 3161 359 3225 uado
380 3182 403 3223 a
425 3163 548 3237 domino
566 3162 642 3222 mitt
666 3159 815 3223 paduam
832 3172 1006 3243 potestatem
1031 3154 1160 3254 ligandi,
1174 3152 1275 3215 eteul-
1390 3210 1393 3217 .

72 3286 81 3299 ·
186 3245 282 3307 vendi
291 3291 301 3321 ,
320 3258 354 3306 ut
371 3246 410 3306 de
430 3247 566 3307 omnibus
585 3245 813 3328 qssibsscumqroe
832 3242 999 3304 decreuerit
1028 3261 1062 3299 ιιι
1082 3251 1193 3309 terris,
1216 3236 1276 3297 Ιιοο

187 3328 337 3390 &emtum
360 3329 400 3389 sit
424 3342 454 3390 et
474 3331 507 3389 in
525 3328 622 3391 cocles.
664 3327 790 3409 Ligabit
809 3327 891 3387 enim
912 3323 994 3409 prod
1023 3334 1141 3405 oportet
1170 3319 1275 3399 ligari,

186 3425 216 3471 et
232 3413 334 3485 solvet,
348 3410 441 3497 quod
456 3411 582 3497 expedit
595 3411 689 3481 οοίοἰ,
724 3423 878 3492 tamquam
902 3408 956 3493 qui
978 3406 1025 3470 ad
1048 3400 1205 3488 liipuidum
1223 3419 1276 3463 ec·

186 3495 297 3556 clasiae
314 3497 449 3576 regillum
469 3498 599 3557 novem.
626 3513 762 3554 roursu.

269 3576 433 3659 1²⁰3·1ifi⁴ls
447 3578 499 3638 οδ.
518 3579 564 3637 de
583 3575 682 3637 Ario
713 3586 860 3636 contre
883 3569 1097 3632 Christum.
1138 3566 1276 3649 Historia

187 3658 299 3742 legitur
317 3659 398 3740 apud
418 3659 541 3720 Surium
575 3669 657 3720 tomo
669 3656 702 3719 6.
725 3659 759 3718 in
779 3655 927 3735 martyria
947 3646 1084 3713 eiusdem
1106 3651 1201 3713 sancti
1214 3650 1277 3711 Pe-

187 3747 227 3803 tri
250 3743 447 3805 Alexandrini
469 3743 611 3824 episcopi,
633 3740 672 3800 de
692 3761 754 3821 quo
774 3738 960 3817 scripserunt
980 3732 1132 3796 Eusebius
1154 3732 1276 3813 libro9.

187 3824 331 3887 historiae
350 3823 591 3902 ecclesiasticae,
613 3823 761 3883 Auctores
780 3820 951 3902 tripartitae
982 3814 1129 3877 historiae
1158 3813 1273 3876 etalii.

188 3909 224 3968 ln
244 3905 448 3981 additionibus
471 3920 572 3968 autem
596 3906 718 3968 loannis
727 3901 845 3965 Melani
866 3901 906 3964 ad
930 3896 1075 3982 martyrol
1116 3900 1179 3960 ‘um
1188 3897 1275 3957 Usu·
1388 3946 1392 3955 .

158 4008 162 4015 ’
188 3992 266 4065 ardi,
293 3994 335 4053 sic
356 4004 401 4055 est
419 3990 458 4053 ad
482 3991 628 4052 verbum:
651 3988 806 4050 Adversis
826 4006 894 4046 ewn
919 3981 1101 4068 (PetrumA
1117 3978 1275 4043 exandriae

187 4076 379 4173 episcopum)
408 4077 530 4157 οοςοιὶο
550 4073 724 4135 Macimdsi
739 4071 904 4142 sententiis,
934 4065 1027 4128 Arius
1056 4066 1189 4145 infilix,
1220 4062 1277 4158 qui

184 4159 225 4222 ab
244 4179 309 4244 ιριο
328 4159 596 4225 exterminamus
628 4169 657 4222 st
675 4154 852 4240 &gludeae
874 4163 1000 4238 propter
1026 4149 1135 4230 dogma
1164 4167 1273 4209 erroris
