2900 4676
189 218 281 326 444
571 240 883 317 emeramnus

178 403 344 476 nomnium:
376 421 438 465 non
467 399 535 464 ideo
566 401 642 465 t'alsa
668 402 773 485 religio
804 403 862 465 erit
888 424 980 484 vera,
1002 400 1055 466 rint
1075 424 1146 467 vera
1166 403 1264 484 ram,

187 508 260 549 cum
281 487 394 548 donum
417 485 476 547 hnc
495 507 515 547 a
529 486 595 548 Deo
613 508 676 547 non
691 485 873 550 concedatur
895 508 931 550 eo
956 486 1092 562 consilio,
1111 498 1148 549 nt
1167 492 1265 549 errori

188 570 278 630 fidem
294 568 444 648 conciliet,
463 566 546 653 quod
568 572 726 652 praecipue
748 569 819 631 inde
844 570 1030 654 colligimus,
1103 574 1132 632 ia
1160 570 1266 633 multis

189 652 296 715 seculis
318 664 481 734 antequam
502 649 634 733 Calvini,
650 664 703 713 aut
717 652 857 734 Lutheri,
876 666 930 716 aut
950 654 1034 716 Wicl
1100 665 1181 715 secta
1206 675 1263 714 na·

189 747 330 813 sceretur,
352 736 466 797 donum
486 732 545 796 boc
568 756 742 798 concessum
767 735 824 797 fuit
844 732 977 820 regibus,
1003 758 1081 820 quos
1103 736 1269 798 catholicae

189 829 221 879 ct
234 819 389 880 Romanae
407 817 549 879 ecclesiae
570 818 801 881 studiosissimus
820 829 851 881 et
864 821 1143 885 observantissimos
1162 820 1265 894 fuisse,

188 921 229 962 ne
255 904 311 986 ipsi
329 901 461 984 pudens,
479 903 534 983 qui
549 923 569 963 a
584 922 656 964 vera
671 902 795 964 ecclesia
816 902 961 978 defecere,
987 903 1112 964 iniiciari
1127 914 1265 984 possamt.

190 984 262 1064 Qun
279 987 372 1069 igitur
390 983 450 1046 line
466 984 549 1047 Deus
569 984 643 1047 olim
659 985 779 1069 regibus
796 986 951 1048 catholicis
978 986 1093 1048 donum
1110 984 1169 1046 hoc
1186 1004 1266 1071 con·

189 1069 290 1149 cessit‚
314 1066 422 1130 eodem
436 1066 526 1130 durat
544 1068 702 1144 adhuc‚si
731 1068 823 1130 durat
842 1069 924 1151 apud
947 1069 1128 1143 haereticos,
1156 1088 1268 1150 nempe

189 1153 276 1212 utin
296 1152 475 1213 miserorum
496 1149 637 1213 solatium
655 1161 686 1213 et
707 1151 874 1213 subsidium
894 1151 1000 1214 cedat:
1030 1151 1147 1236 quidsi
1172 1152 1204 1211 in
1222 1164 1270 1213 te-

190 1235 368 1296 stimonium
391 1252 484 1297 verae
501 1244 533 1295 et
551 1232 717 1297 catholicae
728 1234 891 1314 religionis,
913 1238 956 1296 ite
969 1245 1005 1297 ut
1024 1235 1139 1296 inimici
1160 1238 1268 1307 nostri,

190 1315 261 1378 licet
283 1316 419 1380 nolentes
447 1328 477 1378 et
499 1317 608 1397 inviti,
661 1338 696 1379 ro
723 1317 813 1379 nobis
839 1319 1044 1382 testimonium
1071 1318 1200 1380 dicant?
1237 1318 1270 1379 si

190 1401 325 1462 enimin
348 1420 419 1461 enm
437 1399 530 1463 finem
552 1400 626 1462 olim
676 1422 730 1462 eus
754 1400 869 1463 donum
888 1402 948 1463 hoc
971 1402 1090 1484 regibus
1112 1403 1223 1484 pietate
1240 1398 1276 1461 et>

192 1480 358 1545 catholicae
377 1482 520 1546 ecclesiae
539 1485 640 1546 studio
659 1483 910 1547 excellentissimis
929 1484 1053 1567 largitus
1073 1495 1140 1562 est,
1167 1485 1276 1567 utiquc

191 1566 299 1628 endem
317 1566 378 1628 fine
397 1565 457 1628 boc
474 1568 566 1629 etiam
584 1587 660 1631 aevo
681 1568 764 1650 apud
781 1589 845 1629 non
867 1566 1038 1646 catholicos,
1056 1564 1273 1630 catholicorum

191 1658 293 1711 tamen
314 1650 347 1710 in
367 1647 442 1710 solio
463 1668 659 1726 successores,
676 1661 868 1733 perseveratz
891 1672 990 1734 neque
1014 1653 1094 1721 enim
1115 1650 1205 1711 linem
1215 1654 1273 1710 mi-

191 1731 288 1794 raculi
309 1742 407 1794 mutat
423 1733 532 1809 Dens,
557 1745 593 1795 ut
616 1734 700 1817 qnod
727 1745 816 1797 antea
839 1746 904 1797 erat
922 1755 979 1817 pro
1003 1733 1179 1796 stabilienda
1202 1730 1273 1810 fide,

191 1816 231 1877 sit
252 1826 356 1898 postea
372 1836 429 1898 pm
445 1817 591 1899 perfidia3
610 1829 647 1879 nt
668 1817 798 1900 proinde
825 1817 882 1901 ipsi
904 1838 958 1879 sua
980 1819 1082 1879 vineta
1096 1816 1224 1878 caedant
1244 1827 1275 1878 et

192 1899 337 1962 adversus
362 1918 394 1960 se
412 1900 618 1962 testimonium
634 1901 744 1976 ferant,
765 1921 837 1963 cum
853 1900 926 1963 talin
949 1922 1041 1983 opera
1057 1900 1182 1978 ficiunt,
1203 1901 1273 1983 qui-

191 1980 252 2045 bus
262 1980 437 2066 religionem
450 1986 598 2045 maiorum
607 2004 744 2063 suornm,
758 2005 849 2067 qnam
863 1994 1072 2068 aspernantur,
1084 1982 1274 2048 confirmant.

192 2064 334 2141 Verum,
352 2076 388 2127 ut
410 2068 490 2128 intra
515 2065 627 2129 lineam
648 2088 705 2129 nos
727 2071 927 2151 recipiamus,
954 2067 1091 2130 absimile
1113 2087 1187 2128 vero
1214 2087 1276 2127 non

195 2160 263 2229 est,
284 2149 350 2211 lieri
367 2149 539 2229 interdum,
561 2153 680 2213 tameui
702 2172 792 2230 raro,
816 2162 851 2214 ut
871 2172 889 2213 a
908 2162 991 2214 recta
1020 2149 1164 2234 religione
1183 2148 1275 2211 alieni

195 2253 288 2316 opera
301 2233 453 2378 ffioedam
479 2255 572 2317 supra
598 2244 726 2296 naturae
747 2237 827 2297 vires
844 2235 952 2313 edant,
975 2231 1027 2296 vel
1054 2243 1203 2316 potestate
1225 2253 1277 2294 ac·

195 2327 283 2401 cepte
356 2315 467 2395 officio,
487 2339 541 2400 per
560 2319 776 2380 successionem
791 2328 844 2380 aut
863 2317 1038 2381 electionem
1051 2317 1181 2400 legitime
1196 2337 1280 2377 oom-

195 2409 325 2483 parnto,
351 2390 401 2461 cui
418 2400 502 2462 Deus
531 2403 659 2483 gratiam
695 2400 828 2485 aliquam
855 2400 1033 2479 contulerit,
1062 2398 1112 2461 vel
1133 2399 1275 2482 peculiari

187 2490 274 2547 ‘nutu
292 2482 362 2560 Dei,
386 2481 548 2545 dividentis
562 2484 642 2545 dona
663 2505 728 2564 sua,
745 2495 836 2568 pmut
858 2482 927 2547 vult
944 2492 974 2545 et
990 2483 1101 2566 quibus
1118 2483 1203 2545 vult:
1223 2481 1279 2566 qui

195 2584 351 2648 nunqnam
373 2574 475 2628 tamen
497 2567 541 2628 ite
565 2566 695 2647 dividit,
718 2580 753 2628 nt
776 2587 830 2651 per
849 2589 885 2630 ea
905 2589 1018 2650 provee
1038 2567 1192 2627 doctrinae
1211 2570 1279 2627 vim

196 2650 352 2731 roburque
370 2647 486 2729 addat,
517 2661 572 2713 aut
604 2651 675 2713 addi
702 2651 802 2713 velita
843 2653 920 2714 etsi
949 2652 1017 2733 quis
1035 2650 1205 2712 haereticus
1224 2659 1280 2710 aut

197 2731 402 2796 schismaticus
421 2732 558 2812 diceret,
592 2733 708 2819 donum
726 2733 855 2797 faciendi
884 2732 1029 2795 miracula
1048 2733 1107 2795 sibi
1135 2734 1281 2795 divinitus

196 2816 335 2899 obtigisse
347 2816 386 2878 ad
399 2816 556 2880 haereseos
574 2829 628 2879 aut
646 2818 813 2880 schismatis
830 2819 876 2880 sui
894 2818 1164 2895 confirmationem,
1183 2815 1278 2898 (qnod

197 2898 392 2963 calvinianus
412 2899 554 2964 -Tonclrer
577 2901 616 2963 de
634 2902 812 2963 charismate
838 2901 891 2963 illo
910 2901 1036 2962 curandi
1050 2913 1180 2962 strumas
1205 2898 1280 2960 ridi·

197 2982 266 3047 cute
287 2982 380 3062 dicit)
413 2985 439 3045 is
460 2983 559 3064 nulli,
581 2985 639 3046 nisi
661 2984 831 3067 improvido
856 2994 888 3045 et
904 2984 1142 3061 inconsiderato,
1160 2984 1280 3044 'erroris

196 3068 358 3131 discrimen
379 3080 519 3130 crearet:
542 3089 614 3129 uam
635 3070 660 3129 ei
681 3069 750 3152 quis
770 3078 902 3129 mentem
924 3066 972 3130 vel
993 3066 1152 3150 paululum
1171 3066 1282 3127 adver·

196 3162 243 3213 tat
272 3172 337 3212 rem
379 3170 396 3211 e
417 3153 587 3212 accuratius
610 3172 713 3213 seeum
733 3151 919 3235 perpendat,
940 3172 1058 3232 semper
1077 3148 1282 3233 deprehendet

196 3234 338 3295 buiusmo
362 3234 369 3247 '
388 3232 604 3295 miraculorum
626 3233 819 3297 effectionem‘
832 3235 871 3297 ad
891 3233 985 3295 alium
1001 3234 1101 3311 lineus
1123 3254 1217 3316 quam
1233 3243 1281 3293 ta·

192 3317 235 3380 'lis
254 3316 343 3393 ferat,
364 3314 489 3376 referris
511 3327 565 3377 eut
588 3318 614 3377 si
631 3319 822 3379 mendacium
848 3317 1013 3379 abstrusius
1038 3328 1103 3394 ast,
1129 3336 1222 3399 quam
1243 3325 1280 3376 ut

197 3398 279 3462 sacili
298 3397 420 3478 negotio
437 3397 477 3459 ad
500 3397 565 3459 eius
587 3397 700 3460 cubilia
715 3403 865 3482 perveniri
889 3411 992 3483 queat,
1019 3399 1059 3462 ad
1076 3420 1180 3482 preces
1203 3420 1279 3459 con-

197 3481 374 3565 fugiendum
399 3481 467 3554 erit,
489 3478 678 3564 petendaque
696 3481 747 3544 lux
767 3506 785 3545 a
802 3484 887 3563 Deo,
909 3505 948 3545 ne
970 3485 1170 3565 impostorum
1192 3480 1281 3544 falla·

197 3567 252 3629 ciis
265 3565 546 3629 circumveniamur.
587 3564 659 3644 Quo
678 3586 751 3628 casu
783 3566 904 3629 divinae
934 3567 1140 3649 providentiae
1169 3583 1281 3627 memus

198 3659 254 3725 est,
278 3658 314 3709 ut
332 3656 413 3708 recte
428 3647 517 3709 docet
532 3647 713 3711 Franciscus
730 3648 866 3729 somata,
889 3672 951 3712 nun
970 3654 1155 3733 permittere,
1176 3660 1211 3711 ut
1225 3650 1279 3731 qui

198 3731 240 3795 ad
267 3730 349 3791 hunc
375 3730 500 3793 modum
529 3752 562 3794 se
583 3752 712 3814 suasque
740 3737 870 3796 rationes
896 3736 1074 3877 complacit,
1102 3732 1279 3815 decipiatur.

198 3816 281 3898 Lege
300 3815 486 3875 Soaretaium
507 3825 582 3877 tom.
608 3838 639 3882 2.
662 3817 695 3877 in
714 3817 744 3880 5.
762 3828 839 3899 part.
868 3815 933 3879 divi
1006 3838 1117 3894 omae,
1137 3816 1213 3898 disp.
1227 3816 1280 3879 δι.

198 3908 271 3960 sect.
286 3918 317 3959 2.
345 3897 402 3958 sub
420 3897 520 3964 linem.
561 3897 688 3960 Nullum
708 3921 803 3983 ergo,
824 3900 904 3961 dicet
931 3898 1060 3987 aliquis,
1081 3900 1120 3961 ad
1143 3899 1280 3982 proban·

200 3982 270 4043 dnm
286 4001 388 4043 veram
415 3979 582 4042 doctrinam
610 4003 645 4043 er
679 3985 757 4044 veris
790 3983 943 4046 miraculis
968 3994 1180 4066 argumentum
1200 3983 1280 4044 sumi

199 4076 307 4147 potest.
347 4064 413 4126 Non
431 4065 567 4147 sequitur
593 4068 717 4127 omuino
745 4065 886 4145 nullum,
914 4067 965 4128 sed
987 4089 1048 4129 nou
1071 4067 1196 4130 omnino
1223 4086 1278 4127 ne·

200 4151 361 4213 cessarium
378 4148 455 4213 sumi
476 4169 581 4233 posse,
611 4150 711 4233 iuquit
731 4149 858 4214 loannes
885 4150 1079 4215 Maldonetus
1104 4154 1137 4213 in
1163 4170 1229 4234 cap.
1244 4146 1278 4211 8.
