<?xml version="1.0" encoding="UTF-8"?>
<!DOCTYPE html PUBLIC "-//W3C//DTD XHTML 1.0 Transitional//EN"
    "http://www.w3.org/TR/xhtml1/DTD/xhtml1-transitional.dtd">
<html xmlns="http://www.w3.org/1999/xhtml" xml:lang="en" lang="en">
 <head>
  <title>
</title>
<meta http-equiv="Content-Type" content="text/html;charset=utf-8" />
  <meta name='ocr-system' content='tesseract 3.04.00' />
  <meta name='ocr-capabilities' content='ocr_page ocr_carea ocr_par ocr_line ocrx_word'/>
</head>
<body>
  <div class='ocr_page' id='page_1' title='image "./ioanniscantacuz03joangoog_0488.png"; bbox 0 0 2900 4676; ppageno 0'>
   <div class='ocr_carea' id='block_1_1' title="bbox 408 233 1233 349">
    <p class='ocr_par' dir='ltr' id='par_1_1' title="bbox 408 233 1233 349">
     <span class='ocr_line' id='line_1_1' title="bbox 408 233 1233 349; baseline -0.017 -17"><span class='ocrx_word' id='word_1_1' title='bbox 408 262 466 331; x_wconf 77' lang='lat' dir='ltr'><strong>an</strong></span> <span class='ocrx_word' id='word_1_2' title='bbox 496 262 775 332; x_wconf 80' lang='lat' dir='ltr'><strong>camacuznm</strong></span> <span class='ocrx_word' id='word_1_3' title='bbox 804 262 881 331; x_wconf 79' lang='lat' dir='ltr'><strong>au.</strong></span> <span class='ocrx_word' id='word_1_4' title='bbox 902 265 943 329; x_wconf 88' lang='lat'><strong>11.</strong></span> <span class='ocrx_word' id='word_1_5' title='bbox 1147 233 1233 349; x_wconf 74' lang='lat'><strong>457</strong></span> 
     </span>
    </p>
   </div>
   <div class='ocr_carea' id='block_1_2' title="bbox 83 411 1342 2164">
    <p class='ocr_par' dir='ltr' id='par_1_2' title="bbox 149 411 1342 842">
     <span class='ocr_line' id='line_1_2' title="bbox 149 411 1342 511; baseline -0.006 -29"><span class='ocrx_word' id='word_1_6' title='bbox 149 435 279 511; x_wconf 78' lang='lat' dir='ltr'><strong>praeter</strong></span> <span class='ocrx_word' id='word_1_7' title='bbox 303 419 392 483; x_wconf 80' lang='lat' dir='ltr'><strong>diras</strong></span> <span class='ocrx_word' id='word_1_8' title='bbox 415 419 489 480; x_wconf 77' lang='lat' dir='ltr'><strong>illas</strong></span> <span class='ocrx_word' id='word_1_9' title='bbox 514 430 548 479; x_wconf 83' lang='lat' dir='ltr'><strong>ut</strong></span> <span class='ocrx_word' id='word_1_10' title='bbox 564 418 659 480; x_wconf 85' lang='lat' dir='ltr'><strong>etiam</strong></span> <span class='ocrx_word' id='word_1_11' title='bbox 684 415 785 502; x_wconf 78' lang='lat' dir='ltr'><strong>eapite</strong></span> <span class='ocrx_word' id='word_1_12' title='bbox 803 414 997 499; x_wconf 72' lang='lat' dir='ltr'><strong>plecteretur.</strong></span> <span class='ocrx_word' id='word_1_13' title='bbox 1040 411 1110 475; x_wconf 76' lang='lat' dir='ltr'><strong>Nou</strong></span> <span class='ocrx_word' id='word_1_14' title='bbox 1130 424 1233 477; x_wconf 90' lang='lat' dir='ltr'><strong>tamen</strong></span> <span class='ocrx_word' id='word_1_15' title='bbox 1337 466 1342 475; x_wconf 63' lang='lat'><em>„</em></span> 
     </span>
     <span class='ocr_line' id='line_1_3' title="bbox 153 495 1235 580; baseline -0.008 -12"><span class='ocrx_word' id='word_1_16' title='bbox 153 508 265 569; x_wconf 87' lang='lat' dir='ltr'><strong>mansit</strong></span> <span class='ocrx_word' id='word_1_17' title='bbox 284 508 317 566; x_wconf 87' lang='lat' dir='ltr'><strong>ln</strong></span> <span class='ocrx_word' id='word_1_18' title='bbox 336 503 406 578; x_wconf 85' lang='lat' dir='ltr'><strong>fide,</strong></span> <span class='ocrx_word' id='word_1_19' title='bbox 429 513 459 564; x_wconf 89' lang='lat' dir='ltr'><strong>et</strong></span> <span class='ocrx_word' id='word_1_20' title='bbox 478 501 652 565; x_wconf 70' lang='lat' dir='ltr'><strong>interiectus</strong></span> <span class='ocrx_word' id='word_1_21' title='bbox 671 510 735 576; x_wconf 82' lang='lat' dir='ltr'><strong>est,</strong></span> <span class='ocrx_word' id='word_1_22' title='bbox 755 509 911 580; x_wconf 81' lang='lat' dir='ltr'><strong>tamquam</strong></span> <span class='ocrx_word' id='word_1_23' title='bbox 931 495 1072 578; x_wconf 84' lang='lat' dir='ltr'><strong>perfidus,</strong></span> <span class='ocrx_word' id='word_1_24' title='bbox 1090 507 1125 556; x_wconf 88' lang='lat' dir='ltr'><strong>ut</strong></span> <span class='ocrx_word' id='word_1_25' title='bbox 1144 498 1235 559; x_wconf 87' lang='lat' dir='ltr'><strong>doce-</strong></span> 
     </span>
     <span class='ocr_line' id='line_1_4' title="bbox 153 576 1233 671; baseline -0.008 -20"><span class='ocrx_word' id='word_1_26' title='bbox 153 588 239 651; x_wconf 84' lang='lat' dir='ltr'><strong>bitur</strong></span> <span class='ocrx_word' id='word_1_27' title='bbox 259 609 325 671; x_wconf 86' lang='lat' dir='ltr'><strong>cap.</strong></span> <span class='ocrx_word' id='word_1_28' title='bbox 346 588 397 650; x_wconf 79' lang='lat'><strong>25.</strong></span> <span class='ocrx_word' id='word_1_29' title='bbox 441 585 483 646; x_wconf 89' lang='lat' dir='ltr'><strong>Et</strong></span> <span class='ocrx_word' id='word_1_30' title='bbox 504 604 595 666; x_wconf 87' lang='lat' dir='ltr'><strong>quem</strong></span> <span class='ocrx_word' id='word_1_31' title='bbox 610 584 700 644; x_wconf 82' lang='lat' dir='ltr'><strong>Xeoa</strong></span> <span class='ocrx_word' id='word_1_32' title='bbox 721 583 783 643; x_wconf 90' lang='lat' dir='ltr'><strong>iam</strong></span> <span class='ocrx_word' id='word_1_33' title='bbox 811 580 989 643; x_wconf 83' lang='lat' dir='ltr'><strong>devoratum</strong></span> <span class='ocrx_word' id='word_1_34' title='bbox 1015 576 1101 655; x_wconf 86' lang='lat' dir='ltr'><strong>vult,</strong></span> <span class='ocrx_word' id='word_1_35' title='bbox 1130 593 1233 662; x_wconf 84' lang='lat' dir='ltr'><strong>postea</strong></span> 
     </span>
     <span class='ocr_line' id='line_1_5' title="bbox 154 661 1235 754; baseline -0.007 -21"><span class='ocrx_word' id='word_1_36' title='bbox 154 674 291 754; x_wconf 85' lang='lat' dir='ltr'><strong>adoptat,</strong></span> <span class='ocrx_word' id='word_1_37' title='bbox 313 671 400 753; x_wconf 80' lang='lat' dir='ltr'><strong>eique</strong></span> <span class='ocrx_word' id='word_1_38' title='bbox 420 689 452 736; x_wconf 83' lang='lat' dir='ltr'><strong>se</strong></span> <span class='ocrx_word' id='word_1_39' title='bbox 471 678 567 731; x_wconf 89' lang='lat' dir='ltr'><strong>totam</strong></span> <span class='ocrx_word' id='word_1_40' title='bbox 590 666 760 742; x_wconf 89' lang='lat' dir='ltr'><strong>committit,</strong></span> <span class='ocrx_word' id='word_1_41' title='bbox 783 675 819 726; x_wconf 85' lang='lat' dir='ltr'><strong>ut</strong></span> <span class='ocrx_word' id='word_1_42' title='bbox 839 673 884 727; x_wconf 87' lang='lat' dir='ltr'><strong>est</strong></span> <span class='ocrx_word' id='word_1_43' title='bbox 902 663 983 748; x_wconf 92' lang='lat' dir='ltr'><strong>apud</strong></span> <span class='ocrx_word' id='word_1_44' title='bbox 1003 661 1143 725; x_wconf 86' lang='lat' dir='ltr'><strong>eumdem</strong></span> <span class='ocrx_word' id='word_1_45' title='bbox 1158 665 1235 726; x_wconf 88' lang='lat' dir='ltr'><strong>Gra-</strong></span> 
     </span>
     <span class='ocr_line' id='line_1_6' title="bbox 156 774 582 842; baseline -0.014 -25"><span class='ocrx_word' id='word_1_46' title='bbox 156 776 272 842; x_wconf 75' lang='lat' dir='ltr'><strong>goram.</strong></span> <span class='ocrx_word' id='word_1_47' title='bbox 293 774 423 818; x_wconf 70' lang='lat' dir='ltr'><strong>roario.</strong></span> <span class='ocrx_word' id='word_1_48' title='bbox 514 825 517 833; x_wconf 15' lang='grc' dir='ltr'><em>ρ</em></span> <span class='ocrx_word' id='word_1_49' title='bbox 562 778 582 813; x_wconf 87' lang='grc'><strong>.-</strong></span> 
     </span>
    </p>

    <p class='ocr_par' dir='ltr' id='par_1_3' title="bbox 237 832 719 920">
     <span class='ocr_line' id='line_1_7' title="bbox 237 832 719 920; baseline 0 -20"><span class='ocrx_word' id='word_1_50' title='bbox 237 834 466 920; x_wconf 75' lang='lat' dir='ltr'><strong>Pag.537‚13.</strong></span> <span class='ocrx_word' id='word_1_51' title='bbox 490 832 567 915; x_wconf 68' lang='lat' dir='ltr'><strong>ipris</strong></span> <span class='ocrx_word' id='word_1_52' title='bbox 589 834 634 895; x_wconf 89' lang='grc' dir='ltr'><strong>Μ.</strong></span> <span class='ocrx_word' id='word_1_53' title='bbox 658 854 719 915; x_wconf 85' lang='lat' dir='ltr'><strong>mg.</strong></span> 
     </span>
    </p>

    <p class='ocr_par' dir='ltr' id='par_1_4' title="bbox 240 915 854 1003">
     <span class='ocr_line' id='line_1_8' title="bbox 240 915 854 1003; baseline -0.015 -19"><span class='ocrx_word' id='word_1_54' title='bbox 240 920 317 1003; x_wconf 71' lang='lat' dir='ltr'><strong>Pag.</strong></span> <span class='ocrx_word' id='word_1_55' title='bbox 332 919 405 999; x_wconf 81' lang='lat'>338,</span> <span class='ocrx_word' id='word_1_56' title='bbox 422 938 470 1003; x_wconf 83' lang='lat'><strong>17.</strong></span> <span class='ocrx_word' id='word_1_57' title='bbox 492 915 639 980; x_wconf 74' lang='grc' dir='ltr'><strong>ἀναθεῖεν</strong></span> <span class='ocrx_word' id='word_1_58' title='bbox 659 920 702 981; x_wconf 83' lang='grc' dir='ltr'><strong>Μ.</strong></span> <span class='ocrx_word' id='word_1_59' title='bbox 723 935 854 999; x_wconf 89' lang='lat' dir='ltr'><strong>quoque.</strong></span> 
     </span>
    </p>

    <p class='ocr_par' dir='ltr' id='par_1_5' title="bbox 237 991 819 1084">
     <span class='ocr_line' id='line_1_9' title="bbox 237 991 819 1084; baseline -0.007 -17"><span class='ocrx_word' id='word_1_60' title='bbox 237 1003 315 1084; x_wconf 77' lang='lat' dir='ltr'><strong>Pag.</strong></span> <span class='ocrx_word' id='word_1_61' title='bbox 330 1003 404 1084; x_wconf 76' lang='lat'>359,</span> <span class='ocrx_word' id='word_1_62' title='bbox 416 1000 448 1063; x_wconf 88' lang='lat'><strong>8.</strong></span> <span class='ocrx_word' id='word_1_63' title='bbox 470 991 487 1059; x_wconf 78' lang='grc' dir='ltr'>ὅ</span> <span class='ocrx_word' id='word_1_64' title='bbox 509 1001 607 1081; x_wconf 79' lang='grc' dir='ltr'><em>μέγας</em></span> <span class='ocrx_word' id='word_1_65' title='bbox 625 999 661 1062; x_wconf 76' lang='grc' dir='ltr'><strong>δὲ</strong></span> <span class='ocrx_word' id='word_1_66' title='bbox 683 998 754 1077; x_wconf 70' lang='lat' dir='ltr'><strong>top.</strong></span> <span class='ocrx_word' id='word_1_67' title='bbox 773 1000 819 1064; x_wconf 88' lang='grc' dir='ltr'><strong>Μ.</strong></span> 
     </span>
    </p>

    <p class='ocr_par' dir='ltr' id='par_1_6' title="bbox 153 1074 1238 1498">
     <span class='ocr_line' id='line_1_10' title="bbox 236 1074 1235 1168; baseline -0.004 -19"><span class='ocrx_word' id='word_1_68' title='bbox 236 1086 316 1168; x_wconf 73' lang='lat' dir='ltr'><strong>Pag.</strong></span> <span class='ocrx_word' id='word_1_69' title='bbox 331 1086 404 1167; x_wconf 79' lang='lat'><strong>339,</strong></span> <span class='ocrx_word' id='word_1_70' title='bbox 424 1103 475 1148; x_wconf 80' lang='lat' dir='ltr'><strong>ra.</strong></span> <span class='ocrx_word' id='word_1_71' title='bbox 494 1084 557 1144; x_wconf 78' lang='grc' dir='ltr'><strong>τῶν</strong></span> <span class='ocrx_word' id='word_1_72' title='bbox 571 1083 682 1145; x_wconf 73' lang='grc' dir='ltr'><em>κοινάν</em></span> <span class='ocrx_word' id='word_1_73' title='bbox 694 1074 888 1162; x_wconf 76' lang='grc' dir='ltr'><em>πραγμάτων</em></span> <span class='ocrx_word' id='word_1_74' title='bbox 901 1074 1067 1162; x_wconf 72' lang='grc' dir='ltr'><strong>διοικητὴς.</strong></span> <span class='ocrx_word' id='word_1_75' title='bbox 1085 1080 1142 1144; x_wconf 86' lang='lat' dir='ltr'><strong>Est</strong></span> <span class='ocrx_word' id='word_1_76' title='bbox 1153 1082 1235 1165; x_wconf 89' lang='lat' dir='ltr'><strong>apud</strong></span> 
     </span>
     <span class='ocr_line' id='line_1_11' title="bbox 153 1164 1236 1249; baseline -0.003 -17"><span class='ocrx_word' id='word_1_77' title='bbox 153 1189 210 1234; x_wconf 87' lang='lat' dir='ltr'><strong>nos</strong></span> <span class='ocrx_word' id='word_1_78' title='bbox 231 1165 440 1245; x_wconf 65' lang='lat' dir='ltr'><strong>cancellarium</strong></span> <span class='ocrx_word' id='word_1_79' title='bbox 460 1167 564 1249; x_wconf 88' lang='lat' dir='ltr'><strong>itaque</strong></span> <span class='ocrx_word' id='word_1_80' title='bbox 584 1164 786 1248; x_wconf 78' lang='lat' dir='ltr'>explicationis</span> <span class='ocrx_word' id='word_1_81' title='bbox 804 1185 896 1226; x_wconf 84' lang='lat' dir='ltr'><strong>causa</strong></span> <span class='ocrx_word' id='word_1_82' title='bbox 914 1185 1010 1246; x_wconf 87' lang='lat' dir='ltr'><strong>paene</strong></span> <span class='ocrx_word' id='word_1_83' title='bbox 1030 1165 1088 1226; x_wconf 85' lang='lat' dir='ltr'><strong>hoc</strong></span> <span class='ocrx_word' id='word_1_84' title='bbox 1108 1166 1236 1229; x_wconf 87' lang='lat' dir='ltr'><strong>verbnm</strong></span> 
     </span>
     <span class='ocr_line' id='line_1_12' title="bbox 156 1241 1233 1329; baseline -0.004 -16"><span class='ocrx_word' id='word_1_85' title='bbox 156 1253 263 1316; x_wconf 82' lang='lat' dir='ltr'><strong>adieci.</strong></span> <span class='ocrx_word' id='word_1_86' title='bbox 304 1251 368 1329; x_wconf 90' lang='lat' dir='ltr'><strong>Qui</strong></span> <span class='ocrx_word' id='word_1_87' title='bbox 388 1249 501 1310; x_wconf 85' lang='lat' dir='ltr'><strong>fuerint</strong></span> <span class='ocrx_word' id='word_1_88' title='bbox 519 1245 746 1325; x_wconf 75' lang='grc' dir='ltr'><strong>μεσιτεύονῐες,</strong></span> <span class='ocrx_word' id='word_1_89' title='bbox 769 1241 956 1324; x_wconf 82' lang='grc' dir='ltr'><em>μεσάζαντες</em></span> <span class='ocrx_word' id='word_1_90' title='bbox 974 1252 1040 1319; x_wconf 81' lang='grc' dir='ltr'><strong><em>τοῖς</em></strong></span> <span class='ocrx_word' id='word_1_91' title='bbox 1058 1242 1233 1328; x_wconf 81' lang='grc' dir='ltr'><em>πράγμασι,</em></span> 
     </span>
     <span class='ocr_line' id='line_1_13' title="bbox 155 1328 1238 1416; baseline 0.001 -20"><span class='ocrx_word' id='word_1_92' title='bbox 155 1339 218 1399; x_wconf 77' lang='grc' dir='ltr'><strong>τῶν</strong></span> <span class='ocrx_word' id='word_1_93' title='bbox 239 1328 433 1416; x_wconf 76' lang='grc' dir='ltr'><strong><em>πραγμάτων</em></strong></span> <span class='ocrx_word' id='word_1_94' title='bbox 451 1330 509 1394; x_wconf 77' lang='grc' dir='ltr'><strong>τοῦ</strong></span> <span class='ocrx_word' id='word_1_95' title='bbox 528 1331 736 1411; x_wconf 74' lang='grc' dir='ltr'><strong>βασιλέως,αῑ</strong></span> <span class='ocrx_word' id='word_1_96' title='bbox 754 1328 803 1393; x_wconf 88' lang='lat' dir='ltr'><strong>his</strong></span> <span class='ocrx_word' id='word_1_97' title='bbox 825 1328 910 1393; x_wconf 90' lang='lat' dir='ltr'><strong>libris</strong></span> <span class='ocrx_word' id='word_1_98' title='bbox 922 1350 1063 1416; x_wconf 75' lang='lat' dir='ltr'><strong>persaepe</strong></span> <span class='ocrx_word' id='word_1_99' title='bbox 1075 1333 1238 1397; x_wconf 80' lang='lat' dir='ltr'><strong>nomima-</strong></span> 
     </span>
     <span class='ocr_line' id='line_1_14' title="bbox 156 1415 1192 1498; baseline -0.01 -19"><span class='ocrx_word' id='word_1_100' title='bbox 156 1428 222 1498; x_wconf 89' lang='lat' dir='ltr'><strong>tur,</strong></span> <span class='ocrx_word' id='word_1_101' title='bbox 245 1417 324 1480; x_wconf 83' lang='lat' dir='ltr'><strong>inira</strong></span> <span class='ocrx_word' id='word_1_102' title='bbox 345 1415 471 1479; x_wconf 88' lang='lat' dir='ltr'><strong>dicetur.</strong></span> <span class='ocrx_word' id='word_1_103' title='bbox 493 1433 621 1477; x_wconf 70' lang='lat' dir='ltr'><strong>rosiris.</strong></span> <span class='ocrx_word' id='word_1_104' title='bbox 1188 1488 1192 1493; x_wconf 24' lang='grc' dir='ltr'>Ι</span> 
     </span>
    </p>

    <p class='ocr_par' dir='ltr' id='par_1_7' title="bbox 83 1496 1240 2164">
     <span class='ocr_line' id='line_1_15' title="bbox 240 1496 1238 1584; baseline -0.003 -21"><span class='ocrx_word' id='word_1_105' title='bbox 240 1499 468 1582; x_wconf 77' lang='lat' dir='ltr'><strong>Pag.539,21.</strong></span> <span class='ocrx_word' id='word_1_106' title='bbox 490 1498 729 1584; x_wconf 78' lang='lat' dir='ltr'><strong><em>principem</em></strong></span> <span class='ocrx_word' id='word_1_107' title='bbox 752 1496 963 1579; x_wconf 74' lang='lat' dir='ltr'><strong>Phrygiae</strong></span> <span class='ocrx_word' id='word_1_108' title='bbox 992 1496 1238 1560; x_wconf 78' lang='lat' dir='ltr'><strong>Tameroha·</strong></span> 
     </span>
     <span class='ocr_line' id='line_1_16' title="bbox 156 1578 1237 1665; baseline -0.003 -19"><span class='ocrx_word' id='word_1_109' title='bbox 156 1604 256 1648; x_wconf 80' lang='lat' dir='ltr'><strong>nem.</strong></span> <span class='ocrx_word' id='word_1_110' title='bbox 286 1582 416 1662; x_wconf 83' lang='lat' dir='ltr'><strong>Turrae,</strong></span> <span class='ocrx_word' id='word_1_111' title='bbox 439 1602 502 1643; x_wconf 86' lang='lat' dir='ltr'><strong>aon</strong></span> <span class='ocrx_word' id='word_1_112' title='bbox 523 1601 541 1643; x_wconf 85' lang='lat' dir='ltr'><strong>a</strong></span> <span class='ocrx_word' id='word_1_113' title='bbox 559 1581 710 1656; x_wconf 69' lang='lat' dir='ltr'><strong>Tarmia,</strong></span> <span class='ocrx_word' id='word_1_114' title='bbox 732 1578 785 1642; x_wconf 88' lang='lat' dir='ltr'><strong>sed</strong></span> <span class='ocrx_word' id='word_1_115' title='bbox 806 1599 823 1641; x_wconf 92' lang='lat' dir='ltr'><strong>e</strong></span> <span class='ocrx_word' id='word_1_116' title='bbox 843 1579 968 1644; x_wconf 76' lang='lat' dir='ltr'>Perside</span> <span class='ocrx_word' id='word_1_117' title='bbox 988 1579 1067 1665; x_wconf 88' lang='lat' dir='ltr'><strong>pulsi</strong></span> <span class='ocrx_word' id='word_1_118' title='bbox 1087 1601 1107 1642; x_wconf 92' lang='lat' dir='ltr'><strong>a</strong></span> <span class='ocrx_word' id='word_1_119' title='bbox 1126 1582 1237 1643; x_wconf 85' lang='lat' dir='ltr'><strong>Tarta-</strong></span> 
     </span>
     <span class='ocr_line' id='line_1_17' title="bbox 83 1664 1240 1749; baseline -0.004 -18"><span class='ocrx_word' id='word_1_120' title='bbox 83 1712 88 1719; x_wconf 82' lang='lat'><strong>·</strong></span> <span class='ocrx_word' id='word_1_121' title='bbox 156 1669 223 1748; x_wconf 83' lang='lat' dir='ltr'><strong>ris,</strong></span> <span class='ocrx_word' id='word_1_122' title='bbox 244 1667 277 1729; x_wconf 91' lang='lat' dir='ltr'><strong>in</strong></span> <span class='ocrx_word' id='word_1_123' title='bbox 300 1666 406 1727; x_wconf 76' lang='lat' dir='ltr'><strong>Asiam</strong></span> <span class='ocrx_word' id='word_1_124' title='bbox 431 1667 581 1727; x_wconf 81' lang='lat' dir='ltr'><strong>minorem</strong></span> <span class='ocrx_word' id='word_1_125' title='bbox 602 1666 858 1748; x_wconf 74' lang='lat' dir='ltr'><strong>commigrarunt,</strong></span> <span class='ocrx_word' id='word_1_126' title='bbox 890 1686 983 1749; x_wconf 87' lang='lat' dir='ltr'><strong>quam</strong></span> <span class='ocrx_word' id='word_1_127' title='bbox 1012 1685 1094 1724; x_wconf 86' lang='lat' dir='ltr'><strong>nunc</strong></span> <span class='ocrx_word' id='word_1_128' title='bbox 1117 1664 1240 1726; x_wconf 83' lang='lat' dir='ltr'><strong>Anato-</strong></span> 
     </span>
     <span class='ocr_line' id='line_1_18' title="bbox 156 1746 1237 1833; baseline -0.004 -20"><span class='ocrx_word' id='word_1_129' title='bbox 156 1750 229 1813; x_wconf 88' lang='lat' dir='ltr'><strong>liam</strong></span> <span class='ocrx_word' id='word_1_130' title='bbox 252 1759 372 1811; x_wconf 82' lang='lat' dir='ltr'><strong>vocant.</strong></span> <span class='ocrx_word' id='word_1_131' title='bbox 394 1747 515 1833; x_wconf 79' lang='lat' dir='ltr'><strong>Septem</strong></span> <span class='ocrx_word' id='word_1_132' title='bbox 535 1749 627 1812; x_wconf 82' lang='lat' dir='ltr'><strong>dures</strong></span> <span class='ocrx_word' id='word_1_133' title='bbox 649 1770 716 1811; x_wconf 88' lang='lat' dir='ltr'><strong>eam</strong></span> <span class='ocrx_word' id='word_1_134' title='bbox 734 1746 889 1808; x_wconf 83' lang='lat' dir='ltr'><strong>subactam</strong></span> <span class='ocrx_word' id='word_1_135' title='bbox 912 1751 993 1810; x_wconf 86' lang='lat' dir='ltr'><strong>inter</strong></span> <span class='ocrx_word' id='word_1_136' title='bbox 1009 1767 1042 1807; x_wconf 85' lang='lat' dir='ltr'><strong>se</strong></span> <span class='ocrx_word' id='word_1_137' title='bbox 1056 1746 1237 1827; x_wconf 83' lang='lat' dir='ltr'><strong>diviserunt,</strong></span> 
     </span>
     <span class='ocr_line' id='line_1_19' title="bbox 157 1831 1238 1915; baseline -0.002 -20"><span class='ocrx_word' id='word_1_138' title='bbox 157 1845 193 1895; x_wconf 91' lang='lat' dir='ltr'><strong>ut</strong></span> <span class='ocrx_word' id='word_1_139' title='bbox 212 1834 255 1895; x_wconf 83' lang='lat' dir='ltr'><strong>ait</strong></span> <span class='ocrx_word' id='word_1_140' title='bbox 275 1833 434 1899; x_wconf 82' lang='lat' dir='ltr'><strong>Laonicus.</strong></span> <span class='ocrx_word' id='word_1_141' title='bbox 468 1831 635 1893; x_wconf 84' lang='lat' dir='ltr'><strong>Garamano</strong></span> <span class='ocrx_word' id='word_1_142' title='bbox 654 1833 829 1912; x_wconf 83' lang='lat' dir='ltr'><strong>obtigerunt</strong></span> <span class='ocrx_word' id='word_1_143' title='bbox 847 1831 1067 1894; x_wconf 88' lang='lat' dir='ltr'><strong>mediterranea</strong></span> <span class='ocrx_word' id='word_1_144' title='bbox 1086 1831 1238 1915; x_wconf 79' lang='lat' dir='ltr'><strong>Phrygiae</strong></span> 
     </span>
     <span class='ocr_line' id='line_1_20' title="bbox 156 1912 1239 1999; baseline -0.004 -21"><span class='ocrx_word' id='word_1_145' title='bbox 156 1917 279 1979; x_wconf 88' lang='lat' dir='ltr'><strong>maio&#39;ris</strong></span> <span class='ocrx_word' id='word_1_146' title='bbox 298 1935 369 1976; x_wconf 84' lang='lat' dir='ltr'><strong>cum</strong></span> <span class='ocrx_word' id='word_1_147' title='bbox 383 1913 515 1975; x_wconf 61' lang='lat' dir='ltr'><strong>‚Ciliciae</strong></span> <span class='ocrx_word' id='word_1_148' title='bbox 537 1918 623 1976; x_wconf 86' lang='lat' dir='ltr'><strong>ouius</strong></span> <span class='ocrx_word' id='word_1_149' title='bbox 642 1935 661 1975; x_wconf 92' lang='lat' dir='ltr'><strong>a</strong></span> <span class='ocrx_word' id='word_1_150' title='bbox 680 1915 802 1976; x_wconf 88' lang='lat' dir='ltr'><strong>nomine</strong></span> <span class='ocrx_word' id='word_1_151' title='bbox 822 1933 900 1994; x_wconf 91' lang='lat' dir='ltr'><strong>quae</strong></span> <span class='ocrx_word' id='word_1_152' title='bbox 919 1918 1003 1999; x_wconf 90' lang='lat' dir='ltr'><strong>prius</strong></span> <span class='ocrx_word' id='word_1_153' title='bbox 1025 1912 1150 1989; x_wconf 85' lang='lat' dir='ltr'><strong>Cilicia,</strong></span> <span class='ocrx_word' id='word_1_154' title='bbox 1180 1935 1239 1997; x_wconf 76' lang='lat' dir='ltr'><strong>po-</strong></span> 
     </span>
     <span class='ocr_line' id='line_1_21' title="bbox 155 1994 1237 2061; baseline -0.003 0"><span class='ocrx_word' id='word_1_155' title='bbox 155 2010 219 2061; x_wconf 83' lang='lat' dir='ltr'><strong>stea</strong></span> <span class='ocrx_word' id='word_1_156' title='bbox 238 1999 418 2059; x_wconf 84' lang='lat' dir='ltr'><strong>Caramania</strong></span> <span class='ocrx_word' id='word_1_157' title='bbox 439 1996 496 2057; x_wconf 86' lang='lat' dir='ltr'><strong>fuit</strong></span> <span class='ocrx_word' id='word_1_158' title='bbox 518 1996 598 2061; x_wconf 87' lang='lat' dir='ltr'><strong>diota</strong></span> <span class='ocrx_word' id='word_1_159' title='bbox 627 2008 657 2059; x_wconf 88' lang='lat' dir='ltr'><strong>et</strong></span> <span class='ocrx_word' id='word_1_160' title='bbox 676 2019 697 2058; x_wconf 93' lang='lat' dir='ltr'><strong>u</strong></span> <span class='ocrx_word' id='word_1_161' title='bbox 734 2017 772 2057; x_wconf 92' lang='lat' dir='ltr'><strong>ue</strong></span> <span class='ocrx_word' id='word_1_162' title='bbox 799 1994 892 2058; x_wconf 89' lang='lat' dir='ltr'><strong>hodie</strong></span> <span class='ocrx_word' id='word_1_163' title='bbox 921 1999 1043 2060; x_wconf 82' lang='lat' dir='ltr'><strong>dicitur.</strong></span> <span class='ocrx_word' id='word_1_164' title='bbox 1091 1996 1237 2058; x_wconf 87' lang='lat' dir='ltr'><strong>Sarchani</strong></span> 
     </span>
     <span class='ocr_line' id='line_1_22' title="bbox 155 2019 1238 2164; baseline -0.003 -20"><span class='ocrx_word' id='word_1_165' title='bbox 155 2103 220 2144; x_wconf 86' lang='lat' dir='ltr'><strong>sors</strong></span> <span class='ocrx_word' id='word_1_166' title='bbox 240 2082 423 2142; x_wconf 79' lang='lat' dir='ltr'><strong>maritimam</strong></span> <span class='ocrx_word' id='word_1_167' title='bbox 442 2080 545 2141; x_wconf 89' lang='lat' dir='ltr'><strong>loniae</strong></span> <span class='ocrx_word' id='word_1_168' title='bbox 557 2019 883 2164; x_wconf 55' lang='lat' dir='ltr'><strong>regionemsbmymam</strong></span> <span class='ocrx_word' id='word_1_169' title='bbox 898 2101 995 2163; x_wconf 85' lang='lat' dir='ltr'><strong>usque</strong></span> <span class='ocrx_word' id='word_1_170' title='bbox 1008 2077 1135 2141; x_wconf 84' lang='lat' dir='ltr'><strong>tribuit:</strong></span> <span class='ocrx_word' id='word_1_171' title='bbox 1156 2080 1238 2142; x_wconf 88' lang='lat' dir='ltr'><strong>unde</strong></span> 
     </span>
    </p>
   </div>
   <div class='ocr_carea' id='block_1_3' title="bbox 155 2162 1240 2388">
    <p class='ocr_par' dir='ltr' id='par_1_8' title="bbox 155 2162 1240 2388">
     <span class='ocr_line' id='line_1_23' title="bbox 158 2162 1240 2247; baseline -0.002 -21"><span class='ocrx_word' id='word_1_172' title='bbox 158 2165 340 2226; x_wconf 84' lang='lat' dir='ltr'><strong>Sarchaniae</strong></span> <span class='ocrx_word' id='word_1_173' title='bbox 359 2171 471 2225; x_wconf 82' lang='lat' dir='ltr'><strong>riomen</strong></span> <span class='ocrx_word' id='word_1_174' title='bbox 491 2174 537 2225; x_wconf 87' lang='lat' dir='ltr'><strong>est</strong></span> <span class='ocrx_word' id='word_1_175' title='bbox 555 2164 670 2247; x_wconf 86' lang='lat' dir='ltr'><strong>adepta.</strong></span> <span class='ocrx_word' id='word_1_176' title='bbox 713 2162 830 2223; x_wconf 88' lang='lat' dir='ltr'><strong>Calami</strong></span> <span class='ocrx_word' id='word_1_177' title='bbox 849 2173 880 2223; x_wconf 86' lang='lat' dir='ltr'><strong>et</strong></span> <span class='ocrx_word' id='word_1_178' title='bbox 899 2163 962 2225; x_wconf 87' lang='lat' dir='ltr'><strong>filio</strong></span> <span class='ocrx_word' id='word_1_179' title='bbox 989 2165 1094 2224; x_wconf 86' lang='lat' dir='ltr'><strong>Carasi</strong></span> <span class='ocrx_word' id='word_1_180' title='bbox 1114 2162 1240 2225; x_wconf 83' lang='lat' dir='ltr'><strong>obvenit</strong></span> 
     </span>
     <span class='ocr_line' id='line_1_24' title="bbox 155 2244 1239 2388; baseline -0.002 -78"><span class='ocrx_word' id='word_1_181' title='bbox 155 2247 255 2330; x_wconf 79' lang='lat' dir='ltr'><strong>Lydia</strong></span> <span class='ocrx_word' id='word_1_182' title='bbox 273 2267 369 2329; x_wconf 88' lang='lat' dir='ltr'><strong>usque</strong></span> <span class='ocrx_word' id='word_1_183' title='bbox 397 2247 437 2308; x_wconf 89' lang='lat' dir='ltr'><strong>ad</strong></span> <span class='ocrx_word' id='word_1_184' title='bbox 467 2248 615 2329; x_wconf 74' lang='lat' dir='ltr'><strong>Mysiam</strong></span> <span class='ocrx_word' id='word_1_185' title='bbox 648 2266 727 2329; x_wconf 89' lang='lat' dir='ltr'><strong>quae</strong></span> <span class='ocrx_word' id='word_1_186' title='bbox 748 2244 833 2326; x_wconf 83' lang='lat' dir='ltr'><strong>regio</strong></span> <span class='ocrx_word' id='word_1_187' title='bbox 852 2244 974 2307; x_wconf 84' lang='lat' dir='ltr'><strong>Carasia</strong></span> <span class='ocrx_word' id='word_1_188' title='bbox 995 2245 1052 2306; x_wconf 83' lang='lat' dir='ltr'><strong>fuit</strong></span> <span class='ocrx_word' id='word_1_189' title='bbox 1079 2244 1239 2388; x_wconf 86' lang='lat' dir='ltr'><strong>appellata.</strong></span> 
     </span>
    </p>
   </div>
   <div class='ocr_carea' id='block_1_4' title="bbox 140 2328 1248 4252">
    <p class='ocr_par' dir='ltr' id='par_1_9' title="bbox 140 2328 1248 4252">
     <span class='ocr_line' id='line_1_25' title="bbox 156 2328 1239 2414; baseline -0.002 -21"><span class='ocrx_word' id='word_1_190' title='bbox 156 2330 274 2393; x_wconf 86' lang='lat' dir='ltr'><strong>Osman</strong></span> <span class='ocrx_word' id='word_1_191' title='bbox 292 2330 448 2391; x_wconf 83' lang='lat' dir='ltr'><strong>Etruoulis</strong></span> <span class='ocrx_word' id='word_1_192' title='bbox 467 2328 548 2391; x_wconf 89' lang='lat' dir='ltr'><strong>filius</strong></span> <span class='ocrx_word' id='word_1_193' title='bbox 566 2329 762 2414; x_wconf 82' lang='lat' dir='ltr'><strong>Bithyniam,</strong></span> <span class='ocrx_word' id='word_1_194' title='bbox 787 2347 857 2389; x_wconf 89' lang='lat' dir='ltr'><strong>cum</strong></span> <span class='ocrx_word' id='word_1_195' title='bbox 875 2329 1049 2412; x_wconf 81' lang='lat' dir='ltr'><strong>regionibus</strong></span> <span class='ocrx_word' id='word_1_196' title='bbox 1070 2330 1239 2412; x_wconf 82' lang='lat' dir='ltr'><strong>Oympum</strong></span> 
     </span>
     <span class='ocr_line' id='line_1_26' title="bbox 155 2411 1240 2495; baseline -0.001 -20"><span class='ocrx_word' id='word_1_197' title='bbox 155 2434 262 2491; x_wconf 76' lang='lat' dir='ltr'><strong>versus</strong></span> <span class='ocrx_word' id='word_1_198' title='bbox 281 2413 496 2495; x_wconf 71' lang='lat' dir='ltr'><strong>spectantibus,</strong></span> <span class='ocrx_word' id='word_1_199' title='bbox 519 2424 639 2475; x_wconf 86' lang='lat' dir='ltr'><strong>etcum</strong></span> <span class='ocrx_word' id='word_1_200' title='bbox 653 2416 701 2475; x_wconf 86' lang='lat' dir='ltr'><strong>Te</strong></span> <span class='ocrx_word' id='word_1_201' title='bbox 722 2411 783 2473; x_wconf 84' lang='lat' dir='ltr'><strong>Kie</strong></span> <span class='ocrx_word' id='word_1_202' title='bbox 802 2420 910 2473; x_wconf 87' lang='lat' dir='ltr'><strong>naotus</strong></span> <span class='ocrx_word' id='word_1_203' title='bbox 929 2423 985 2477; x_wconf 86' lang='lat' dir='ltr'><strong>est.</strong></span> <span class='ocrx_word' id='word_1_204' title='bbox 1025 2412 1076 2474; x_wconf 84' lang='lat' dir='ltr'><strong>Ab</strong></span> <span class='ocrx_word' id='word_1_205' title='bbox 1097 2412 1157 2473; x_wconf 89' lang='lat' dir='ltr'><strong>hoo</strong></span> <span class='ocrx_word' id='word_1_206' title='bbox 1177 2414 1240 2474; x_wconf 91' lang='lat' dir='ltr'><strong>Os-</strong></span> 
     </span>
     <span class='ocr_line' id='line_1_27' title="bbox 157 2494 1240 2582; baseline -0.003 -23"><span class='ocrx_word' id='word_1_207' title='bbox 157 2497 260 2559; x_wconf 89' lang='lat' dir='ltr'><strong>mauia</strong></span> <span class='ocrx_word' id='word_1_208' title='bbox 278 2495 329 2559; x_wconf 86' lang='lat' dir='ltr'><strong>vel</strong></span> <span class='ocrx_word' id='word_1_209' title='bbox 349 2497 517 2559; x_wconf 86' lang='lat' dir='ltr'><strong>Othmania</strong></span> <span class='ocrx_word' id='word_1_210' title='bbox 536 2496 811 2582; x_wconf 81' lang='lat' dir='ltr'><strong>(quemadmodum</strong></span> <span class='ocrx_word' id='word_1_211' title='bbox 833 2496 979 2558; x_wconf 87' lang='lat' dir='ltr'><strong>hactenus</strong></span> <span class='ocrx_word' id='word_1_212' title='bbox 994 2494 1046 2557; x_wconf 89' lang='lat' dir='ltr'><strong>alii</strong></span> <span class='ocrx_word' id='word_1_213' title='bbox 1069 2495 1240 2575; x_wconf 64' lang='lat' dir='ltr'><strong>scribunt)</strong></span> 
     </span>
     <span class='ocr_line' id='line_1_28' title="bbox 156 2574 1242 2662; baseline 0 -22"><span class='ocrx_word' id='word_1_214' title='bbox 156 2580 247 2641; x_wconf 82' lang='lat' dir='ltr'><strong>dicta.</strong></span> <span class='ocrx_word' id='word_1_215' title='bbox 287 2580 422 2641; x_wconf 84' lang='lat' dir='ltr'><strong>Amurae</strong></span> <span class='ocrx_word' id='word_1_216' title='bbox 442 2579 518 2641; x_wconf 86' lang='lat' dir='ltr'><strong>filios</strong></span> <span class='ocrx_word' id='word_1_217' title='bbox 538 2582 631 2644; x_wconf 82' lang='lat' dir='ltr'><strong>tradit</strong></span> <span class='ocrx_word' id='word_1_218' title='bbox 649 2582 801 2643; x_wconf 86' lang='lat' dir='ltr'><strong>Laonieus</strong></span> <span class='ocrx_word' id='word_1_219' title='bbox 822 2583 969 2662; x_wconf 85' lang='lat' dir='ltr'><strong>accepisse</strong></span> <span class='ocrx_word' id='word_1_220' title='bbox 1002 2574 1242 2662; x_wconf 81' lang='lat' dir='ltr'><strong>Paphlagoniam</strong></span> 
     </span>
     <span class='ocr_line' id='line_1_29' title="bbox 157 2662 1236 2749; baseline 0.001 -25"><span class='ocrx_word' id='word_1_221' title='bbox 157 2682 230 2744; x_wconf 8' lang='lat' dir='ltr'><strong>eumq</strong></span> <span class='ocrx_word' id='word_1_222' title='bbox 250 2664 301 2743; x_wconf 87' lang='lat' dir='ltr'><strong>iis,</strong></span> <span class='ocrx_word' id='word_1_223' title='bbox 321 2684 401 2746; x_wconf 90' lang='lat' dir='ltr'><strong>quae</strong></span> <span class='ocrx_word' id='word_1_224' title='bbox 430 2662 469 2724; x_wconf 91' lang='lat' dir='ltr'><strong>ad</strong></span> <span class='ocrx_word' id='word_1_225' title='bbox 490 2663 643 2726; x_wconf 81' lang='lat' dir='ltr'><strong>Euxinum</strong></span> <span class='ocrx_word' id='word_1_226' title='bbox 662 2674 803 2747; x_wconf 83' lang='lat' dir='ltr'><strong>vergunt.</strong></span> <span class='ocrx_word' id='word_1_227' title='bbox 825 2664 907 2726; x_wconf 88' lang='lat' dir='ltr'><strong>Vide</strong></span> <span class='ocrx_word' id='word_1_228' title='bbox 925 2663 1016 2747; x_wconf 87' lang='lat' dir='ltr'><strong>plura</strong></span> <span class='ocrx_word' id='word_1_229' title='bbox 1038 2664 1121 2749; x_wconf 87' lang='lat' dir='ltr'><strong>apud</strong></span> <span class='ocrx_word' id='word_1_230' title='bbox 1133 2664 1236 2727; x_wconf 70' lang='lat' dir='ltr'><strong>Leun⁴</strong></span> 
     </span>
     <span class='ocr_line' id='line_1_30' title="bbox 154 2743 1018 2811; baseline 0 -3"><span class='ocrx_word' id='word_1_231' title='bbox 154 2743 289 2809; x_wconf 77' lang='lat' dir='ltr'><strong>diarium</strong></span> <span class='ocrx_word' id='word_1_232' title='bbox 311 2748 345 2807; x_wconf 91' lang='lat' dir='ltr'><strong>in</strong></span> <span class='ocrx_word' id='word_1_233' title='bbox 370 2745 522 2809; x_wconf 88' lang='lat' dir='ltr'><strong>Pandecte</strong></span> <span class='ocrx_word' id='word_1_234' title='bbox 548 2749 692 2809; x_wconf 88' lang='lat' dir='ltr'><strong>historiae</strong></span> <span class='ocrx_word' id='word_1_235' title='bbox 710 2747 867 2809; x_wconf 82' lang='lat' dir='ltr'><strong>Turoicae.</strong></span> <span class='ocrx_word' id='word_1_236' title='bbox 889 2767 1018 2811; x_wconf 71' lang='lat' dir='ltr'><strong>rursm.</strong></span> 
     </span>
     <span class='ocr_line' id='line_1_31' title="bbox 170 2822 865 2910; baseline -0.001 -18"><span class='ocrx_word' id='word_1_237' title='bbox 170 2856 174 2862; x_wconf 91' lang='lat'>·</span> <span class='ocrx_word' id='word_1_238' title='bbox 241 2828 318 2910; x_wconf 71' lang='lat' dir='ltr'><strong>Pag.</strong></span> <span class='ocrx_word' id='word_1_239' title='bbox 334 2827 406 2907; x_wconf 69' lang='lat' dir='ltr'><strong>dio,</strong></span> <span class='ocrx_word' id='word_1_240' title='bbox 419 2828 450 2910; x_wconf 76' lang='grc'><strong>4.</strong></span> <span class='ocrx_word' id='word_1_241' title='bbox 473 2831 528 2892; x_wconf 82' lang='grc' dir='ltr'><strong><em>καί</em></strong></span> <span class='ocrx_word' id='word_1_242' title='bbox 547 2825 577 2892; x_wconf 84' lang='lat' dir='ltr'><strong>oi</strong></span> <span class='ocrx_word' id='word_1_243' title='bbox 597 2822 689 2893; x_wconf 75' lang='lat' dir='ltr'><strong>uilior</strong></span> <span class='ocrx_word' id='word_1_244' title='bbox 708 2833 751 2895; x_wconf 89' lang='lat' dir='ltr'><strong>M.</strong></span> <span class='ocrx_word' id='word_1_245' title='bbox 772 2842 865 2899; x_wconf 83' lang='lat' dir='ltr'><strong>reate.</strong></span> 
     </span>
     <span class='ocr_line' id='line_1_32' title="bbox 240 2906 953 2998; baseline -0.001 -21"><span class='ocrx_word' id='word_1_246' title='bbox 240 2911 319 2995; x_wconf 70' lang='lat' dir='ltr'><strong>fag.</strong></span> <span class='ocrx_word' id='word_1_247' title='bbox 334 2910 408 2991; x_wconf 67' lang='lat' dir='ltr'><strong>bio,</strong></span> <span class='ocrx_word' id='word_1_248' title='bbox 423 2933 472 2975; x_wconf 80' lang='lat' dir='ltr'><strong>ao.</strong></span> <span class='ocrx_word' id='word_1_249' title='bbox 497 2906 583 2998; x_wconf 67' lang='grc' dir='ltr'><strong>αὐτῷ</strong></span> <span class='ocrx_word' id='word_1_250' title='bbox 603 2910 659 2975; x_wconf 71' lang='grc' dir='ltr'><strong>καὶ</strong></span> <span class='ocrx_word' id='word_1_251' title='bbox 676 2908 735 2986; x_wconf 77' lang='grc' dir='ltr'><strong>τάς</strong></span> <span class='ocrx_word' id='word_1_252' title='bbox 757 2914 800 2977; x_wconf 91' lang='grc' dir='ltr'><strong>Μ.</strong></span> <span class='ocrx_word' id='word_1_253' title='bbox 822 2932 953 2998; x_wconf 81' lang='lat' dir='ltr'><strong>quoque.</strong></span> 
     </span>
     <span class='ocr_line' id='line_1_33' title="bbox 237 2994 1090 3081; baseline 0.005 -25"><span class='ocrx_word' id='word_1_254' title='bbox 237 2994 320 3077; x_wconf 72' lang='lat' dir='ltr'><strong>Pag.</strong></span> <span class='ocrx_word' id='word_1_255' title='bbox 334 2997 408 3073; x_wconf 72' lang='lat'><strong>341,</strong></span> <span class='ocrx_word' id='word_1_256' title='bbox 421 3018 449 3080; x_wconf 81' lang='lat'><strong>7.</strong></span> <span class='ocrx_word' id='word_1_257' title='bbox 471 2997 636 3079; x_wconf 71' lang='grc' dir='ltr'><strong>Βαθρνιαν</strong></span> <span class='ocrx_word' id='word_1_258' title='bbox 659 3001 718 3075; x_wconf 62' lang='lat' dir='ltr'><strong>M„</strong></span> <span class='ocrx_word' id='word_1_259' title='bbox 738 2997 803 3058; x_wconf 86' lang='lat' dir='ltr'><strong>sed.</strong></span> <span class='ocrx_word' id='word_1_260' title='bbox 822 3018 902 3064; x_wconf 84' lang='lat' dir='ltr'><strong>corr.</strong></span> <span class='ocrx_word' id='word_1_261' title='bbox 922 2994 1090 3081; x_wconf 70' lang='grc' dir='ltr'><strong>Βιθυνιαν.</strong></span> 
     </span>
     <span class='ocr_line' id='line_1_34' title="bbox 240 3072 1002 3163; baseline 0.001 -23"><span class='ocrx_word' id='word_1_262' title='bbox 240 3076 317 3160; x_wconf 71' lang='lat' dir='ltr'><strong>fag.</strong></span> <span class='ocrx_word' id='word_1_263' title='bbox 331 3080 404 3156; x_wconf 72' lang='grc'><strong>341,</strong></span> <span class='ocrx_word' id='word_1_264' title='bbox 417 3100 468 3140; x_wconf 79' lang='lat' dir='ltr'><strong>aa.</strong></span> <span class='ocrx_word' id='word_1_265' title='bbox 489 3072 758 3163; x_wconf 69' lang='grc' dir='ltr'><em>ἀναχωρησάντων</em></span> <span class='ocrx_word' id='word_1_266' title='bbox 777 3081 822 3150; x_wconf 86' lang='grc' dir='ltr'><strong>Μ.</strong></span> <span class='ocrx_word' id='word_1_267' title='bbox 1000 3120 1002 3127; x_wconf 66' lang='lat'>›</span> 
     </span>
     <span class='ocr_line' id='line_1_35' title="bbox 167 3160 1240 3306; baseline 0 -83"><span class='ocrx_word' id='word_1_268' title='bbox 167 3186 173 3195; x_wconf 89' lang='lat'><strong>·</strong></span> <span class='ocrx_word' id='word_1_269' title='bbox 238 3160 314 3244; x_wconf 42' lang='lat' dir='ltr'><strong>Pag.</strong></span> <span class='ocrx_word' id='word_1_270' title='bbox 334 3160 446 3306; x_wconf 64' lang='lat' dir='ltr'><strong>3qu</strong></span> <span class='ocrx_word' id='word_1_271' title='bbox 467 3164 510 3225; x_wconf 84' lang='grc' dir='ltr'><strong>ἰα</strong></span> <span class='ocrx_word' id='word_1_272' title='bbox 529 3165 734 3227; x_wconf 83' lang='lat' dir='ltr'><strong>orientem.</strong></span> <span class='ocrx_word' id='word_1_273' title='bbox 774 3163 822 3226; x_wconf 90' lang='lat' dir='ltr'><strong>De</strong></span> <span class='ocrx_word' id='word_1_274' title='bbox 854 3165 913 3227; x_wconf 84' lang='lat' dir='ltr'><strong>hae</strong></span> <span class='ocrx_word' id='word_1_275' title='bbox 942 3163 1133 3247; x_wconf 82' lang='lat' dir='ltr'><strong>expeditione</strong></span> <span class='ocrx_word' id='word_1_276' title='bbox 1159 3161 1240 3245; x_wconf 84' lang='lat' dir='ltr'><strong>legas</strong></span> 
     </span>
     <span class='ocr_line' id='line_1_36' title="bbox 140 3246 1243 3413; baseline 0.005 -28"><span class='ocrx_word' id='word_1_277' title='bbox 140 3246 423 3408; x_wconf 51' lang='lat' dir='ltr'><strong>tatuit?</strong></span> <span class='ocrx_word' id='word_1_278' title='bbox 442 3266 534 3413; x_wconf 63' lang='lat' dir='ltr'><strong>{iii</strong></span> <span class='ocrx_word' id='word_1_279' title='bbox 554 3250 889 3394; x_wconf 52' lang='lat' dir='ltr'><strong>tittii‘ithi</strong></span> <span class='ocrx_word' id='word_1_280' title='bbox 911 3259 1243 3408; x_wconf 59' lang='lat' dir='ltr'><strong>titiiiiftii</strong></span> 
     </span>
     <span class='ocr_line' id='line_1_37' title="bbox 159 3412 943 3476; baseline 0.005 -4"><span class='ocrx_word' id='word_1_281' title='bbox 159 3412 252 3472; x_wconf 86' lang='lat' dir='ltr'><strong>etiam</strong></span> <span class='ocrx_word' id='word_1_282' title='bbox 274 3415 423 3474; x_wconf 86' lang='lat' dir='ltr'><strong>veriorem</strong></span> <span class='ocrx_word' id='word_1_283' title='bbox 443 3413 586 3476; x_wconf 82' lang='lat' dir='ltr'><strong>invenies.</strong></span> <span class='ocrx_word' id='word_1_284' title='bbox 608 3434 742 3476; x_wconf 75' lang='lat' dir='ltr'><strong>roarin.</strong></span> <span class='ocrx_word' id='word_1_285' title='bbox 940 3468 943 3475; x_wconf 36' lang='grc' dir='ltr'><strong>ι</strong></span> 
     </span>
     <span class='ocr_line' id='line_1_38' title="bbox 242 3493 1241 3584; baseline 0.002 -29"><span class='ocrx_word' id='word_1_286' title='bbox 242 3493 322 3579; x_wconf 74' lang='lat' dir='ltr'><strong>Pag.</strong></span> <span class='ocrx_word' id='word_1_287' title='bbox 337 3494 408 3575; x_wconf 68' lang='lat'><strong>342,</strong></span> <span class='ocrx_word' id='word_1_288' title='bbox 429 3518 474 3558; x_wconf 83' lang='lat'><strong>10.</strong></span> <span class='ocrx_word' id='word_1_289' title='bbox 494 3496 549 3558; x_wconf 78' lang='lat' dir='ltr'><strong>ad</strong></span> <span class='ocrx_word' id='word_1_290' title='bbox 572 3495 735 3559; x_wconf 79' lang='lat' dir='ltr'><strong>Scirtari</strong></span> <span class='ocrx_word' id='word_1_291' title='bbox 743 3521 815 3562; x_wconf 84' lang='lat' dir='ltr'><strong>um.</strong></span> <span class='ocrx_word' id='word_1_292' title='bbox 837 3498 961 3584; x_wconf 80' lang='lat' dir='ltr'><strong>Anguis</strong></span> <span class='ocrx_word' id='word_1_293' title='bbox 974 3495 1241 3572; x_wconf 75' lang='lat' dir='ltr'><strong>SullaniuiSaraii,</strong></span> 
     </span>
     <span class='ocr_line' id='line_1_39' title="bbox 168 3575 1248 3665; baseline 0.004 -28"><span class='ocrx_word' id='word_1_294' title='bbox 168 3575 289 3653; x_wconf 86' lang='lat' dir='ltr'><strong>idest,</strong></span> <span class='ocrx_word' id='word_1_295' title='bbox 316 3577 432 3661; x_wconf 88' lang='lat' dir='ltr'><strong>palatil‚</strong></span> <span class='ocrx_word' id='word_1_296' title='bbox 455 3580 616 3663; x_wconf 88' lang='lat' dir='ltr'><strong>respondet</strong></span> <span class='ocrx_word' id='word_1_297' title='bbox 636 3603 653 3642; x_wconf 93' lang='lat' dir='ltr'><strong>e</strong></span> <span class='ocrx_word' id='word_1_298' title='bbox 672 3585 795 3665; x_wconf 78' lang='lat' dir='ltr'><strong>regione</strong></span> <span class='ocrx_word' id='word_1_299' title='bbox 817 3581 989 3645; x_wconf 85' lang='lat' dir='ltr'><strong>Scutarium</strong></span> <span class='ocrx_word' id='word_1_300' title='bbox 1010 3586 1042 3643; x_wconf 89' lang='lat' dir='ltr'><strong>in</strong></span> <span class='ocrx_word' id='word_1_301' title='bbox 1065 3582 1153 3658; x_wconf 81' lang='lat' dir='ltr'><strong>Asia,</strong></span> <span class='ocrx_word' id='word_1_302' title='bbox 1181 3580 1248 3641; x_wconf 88' lang='lat' dir='ltr'><strong>dis·</strong></span> 
     </span>
     <span class='ocr_line' id='line_1_40' title="bbox 164 3661 1247 3728; baseline 0.004 -8"><span class='ocrx_word' id='word_1_303' title='bbox 164 3661 274 3722; x_wconf 84' lang='lat' dir='ltr'><strong>iunctis</strong></span> <span class='ocrx_word' id='word_1_304' title='bbox 295 3682 313 3722; x_wconf 85' lang='lat' dir='ltr'><strong>a</strong></span> <span class='ocrx_word' id='word_1_305' title='bbox 334 3683 367 3723; x_wconf 88' lang='lat' dir='ltr'><strong>se</strong></span> <span class='ocrx_word' id='word_1_306' title='bbox 386 3664 518 3724; x_wconf 86' lang='lat' dir='ltr'><strong>invicem</strong></span> <span class='ocrx_word' id='word_1_307' title='bbox 537 3661 610 3725; x_wconf 83' lang='lat' dir='ltr'><strong>locis</strong></span> <span class='ocrx_word' id='word_1_308' title='bbox 629 3664 712 3725; x_wconf 82' lang='lat' dir='ltr'><strong>hisee</strong></span> <span class='ocrx_word' id='word_1_309' title='bbox 733 3665 890 3728; x_wconf 82' lang='lat' dir='ltr'><strong>dumtaxat</strong></span> <span class='ocrx_word' id='word_1_310' title='bbox 909 3688 972 3728; x_wconf 88' lang='lat' dir='ltr'><strong>uno</strong></span> <span class='ocrx_word' id='word_1_311' title='bbox 987 3664 1110 3727; x_wconf 90' lang='lat' dir='ltr'><strong>milliari</strong></span> <span class='ocrx_word' id='word_1_312' title='bbox 1119 3667 1247 3726; x_wconf 83' lang='lat' dir='ltr'><strong>Graeco.</strong></span> 
     </span>
     <span class='ocr_line' id='line_1_41' title="bbox 155 3742 1247 3831; baseline 0.004 -28"><span class='ocrx_word' id='word_1_313' title='bbox 155 3742 245 3804; x_wconf 76' lang='lat' dir='ltr'><strong>Ante</strong></span> <span class='ocrx_word' id='word_1_314' title='bbox 266 3766 349 3823; x_wconf 88' lang='lat' dir='ltr'><strong>vero,</strong></span> <span class='ocrx_word' id='word_1_315' title='bbox 361 3766 453 3828; x_wconf 87' lang='lat' dir='ltr'><strong>quam</strong></span> <span class='ocrx_word' id='word_1_316' title='bbox 473 3745 524 3806; x_wconf 88' lang='lat' dir='ltr'><strong>hio</strong></span> <span class='ocrx_word' id='word_1_317' title='bbox 542 3747 684 3808; x_wconf 85' lang='lat' dir='ltr'><strong>traiectus</strong></span> <span class='ocrx_word' id='word_1_318' title='bbox 703 3759 873 3831; x_wconf 87' lang='lat' dir='ltr'><strong>superetur,</strong></span> <span class='ocrx_word' id='word_1_319' title='bbox 887 3751 1019 3811; x_wconf 82' lang='lat' dir='ltr'><strong>occurrit</strong></span> <span class='ocrx_word' id='word_1_320' title='bbox 1031 3750 1063 3810; x_wconf 90' lang='lat' dir='ltr'><strong>in</strong></span> <span class='ocrx_word' id='word_1_321' title='bbox 1077 3751 1147 3831; x_wconf 90' lang='lat' dir='ltr'><strong>ipsis</strong></span> <span class='ocrx_word' id='word_1_322' title='bbox 1159 3747 1247 3830; x_wconf 89' lang='lat' dir='ltr'><strong>aquis</strong></span> 
     </span>
     <span class='ocr_line' id='line_1_42' title="bbox 165 3827 1248 3913; baseline 0.005 -28"><span class='ocrx_word' id='word_1_323' title='bbox 165 3834 302 3891; x_wconf 84' lang='lat' dir='ltr'><strong>extruota</strong></span> <span class='ocrx_word' id='word_1_324' title='bbox 316 3829 467 3910; x_wconf 86' lang='lat' dir='ltr'><strong>quaedam</strong></span> <span class='ocrx_word' id='word_1_325' title='bbox 486 3850 540 3890; x_wconf 84' lang='lat' dir='ltr'><strong>arx</strong></span> <span class='ocrx_word' id='word_1_326' title='bbox 562 3850 665 3911; x_wconf 84' lang='lat' dir='ltr'><strong>parva,</strong></span> <span class='ocrx_word' id='word_1_327' title='bbox 681 3852 773 3913; x_wconf 88' lang='lat' dir='ltr'><strong>quam</strong></span> <span class='ocrx_word' id='word_1_328' title='bbox 794 3834 904 3894; x_wconf 88' lang='lat' dir='ltr'><strong>turrim</strong></span> <span class='ocrx_word' id='word_1_329' title='bbox 925 3833 1117 3895; x_wconf 83' lang='lat' dir='ltr'><strong>Scutarinam</strong></span> <span class='ocrx_word' id='word_1_330' title='bbox 1137 3827 1248 3892; x_wconf 82' lang='lat' dir='ltr'><strong>Graeci</strong></span> 
     </span>
     <span class='ocr_line' id='line_1_43' title="bbox 162 3912 1246 4001; baseline 0.006 -33"><span class='ocrx_word' id='word_1_331' title='bbox 162 3921 294 3990; x_wconf 81' lang='lat' dir='ltr'><strong>vocant,</strong></span> <span class='ocrx_word' id='word_1_332' title='bbox 323 3913 418 3974; x_wconf 86' lang='lat' dir='ltr'><strong>Turci</strong></span> <span class='ocrx_word' id='word_1_333' title='bbox 439 3912 612 3991; x_wconf 86' lang='lat' dir='ltr'><strong>Kisoulam,</strong></span> <span class='ocrx_word' id='word_1_334' title='bbox 633 3912 691 3974; x_wconf 86' lang='lat' dir='ltr'><strong>hoo</strong></span> <span class='ocrx_word' id='word_1_335' title='bbox 711 3927 774 3989; x_wconf 89' lang='lat' dir='ltr'><strong>est,</strong></span> <span class='ocrx_word' id='word_1_336' title='bbox 808 3937 909 3979; x_wconf 85' lang='lat' dir='ltr'><strong>arcem</strong></span> <span class='ocrx_word' id='word_1_337' title='bbox 927 3917 1064 4001; x_wconf 77' lang='lat' dir='ltr'><strong>virginis.</strong></span> <span class='ocrx_word' id='word_1_338' title='bbox 1104 3917 1205 3977; x_wconf 85' lang='lat' dir='ltr'><strong>Distat</strong></span> <span class='ocrx_word' id='word_1_339' title='bbox 1226 3933 1246 3974; x_wconf 88' lang='lat' dir='ltr'><strong>a</strong></span> 
     </span>
     <span class='ocr_line' id='line_1_44' title="bbox 164 3996 1247 4083; baseline 0.006 -32"><span class='ocrx_word' id='word_1_340' title='bbox 164 3996 337 4057; x_wconf 85' lang='lat' dir='ltr'><strong>eohtinente</strong></span> <span class='ocrx_word' id='word_1_341' title='bbox 362 3996 476 4059; x_wconf 80' lang='lat' dir='ltr'><strong>Asiana</strong></span> <span class='ocrx_word' id='word_1_342' title='bbox 503 3996 674 4058; x_wconf 79' lang='lat' dir='ltr'><strong>scutarium</strong></span> <span class='ocrx_word' id='word_1_343' title='bbox 705 4009 829 4062; x_wconf 87' lang='lat' dir='ltr'><strong>centum</strong></span> <span class='ocrx_word' id='word_1_344' title='bbox 858 3999 1007 4083; x_wconf 81' lang='lat' dir='ltr'><strong>passibus.</strong></span> <span class='ocrx_word' id='word_1_345' title='bbox 1047 3999 1165 4061; x_wconf 88' lang='lat' dir='ltr'><strong>Nomen</strong></span> <span class='ocrx_word' id='word_1_346' title='bbox 1188 4017 1247 4078; x_wconf 90' lang='lat' dir='ltr'><strong>op·</strong></span> 
     </span>
     <span class='ocr_line' id='line_1_45' title="bbox 163 4073 1247 4162; baseline 0.006 -28"><span class='ocrx_word' id='word_1_347' title='bbox 163 4073 237 4159; x_wconf 90' lang='lat' dir='ltr'><strong>pido</strong></span> <span class='ocrx_word' id='word_1_348' title='bbox 257 4079 357 4140; x_wconf 81' lang='lat' dir='ltr'><strong>vicino</strong></span> <span class='ocrx_word' id='word_1_349' title='bbox 380 4080 476 4155; x_wconf 80' lang='lat' dir='ltr'><strong>dedit,</strong></span> <span class='ocrx_word' id='word_1_350' title='bbox 497 4092 534 4142; x_wconf 88' lang='lat' dir='ltr'><strong>ut</strong></span> <span class='ocrx_word' id='word_1_351' title='bbox 552 4081 585 4142; x_wconf 89' lang='lat' dir='ltr'><strong>id</strong></span> <span class='ocrx_word' id='word_1_352' title='bbox 597 4081 721 4144; x_wconf 84' lang='lat' dir='ltr'><strong>Graecis</strong></span> <span class='ocrx_word' id='word_1_353' title='bbox 743 4082 834 4146; x_wconf 86' lang='lat' dir='ltr'><strong>hodie</strong></span> <span class='ocrx_word' id='word_1_354' title='bbox 844 4084 1029 4162; x_wconf 76' lang='lat' dir='ltr'><strong>scutarium,</strong></span> <span class='ocrx_word' id='word_1_355' title='bbox 1044 4082 1153 4143; x_wconf 82' lang='lat' dir='ltr'><strong>Turris</strong></span> <span class='ocrx_word' id='word_1_356' title='bbox 1164 4080 1247 4141; x_wconf 82' lang='lat' dir='ltr'><strong>laco·</strong></span> 
     </span>
     <span class='ocr_line' id='line_1_46' title="bbox 165 4157 1248 4252; baseline 0.005 -31"><span class='ocrx_word' id='word_1_357' title='bbox 165 4157 223 4223; x_wconf 83' lang='lat' dir='ltr'><strong>dar</strong></span> <span class='ocrx_word' id='word_1_358' title='bbox 243 4159 382 4227; x_wconf 76' lang='lat' dir='ltr'><strong>dioaturs</strong></span> <span class='ocrx_word' id='word_1_359' title='bbox 415 4162 490 4227; x_wconf 89' lang='lat' dir='ltr'><strong>olim</strong></span> <span class='ocrx_word' id='word_1_360' title='bbox 513 4185 575 4226; x_wconf 93' lang='lat' dir='ltr'><strong>non</strong></span> <span class='ocrx_word' id='word_1_361' title='bbox 612 4163 806 4249; x_wconf 79' lang='lat' dir='ltr'><strong>Chalcedon,</strong></span> <span class='ocrx_word' id='word_1_362' title='bbox 839 4179 875 4230; x_wconf 84' lang='lat' dir='ltr'><strong>ut</strong></span> <span class='ocrx_word' id='word_1_363' title='bbox 902 4168 1027 4252; x_wconf 87' lang='lat' dir='ltr'><strong>quidam</strong></span> <span class='ocrx_word' id='word_1_364' title='bbox 1053 4164 1155 4249; x_wconf 76' lang='lat' dir='ltr'><strong>magni</strong></span> <span class='ocrx_word' id='word_1_365' title='bbox 1188 4164 1248 4227; x_wconf 85' lang='lat' dir='ltr'><strong>viri</strong></span> 
     </span>
    </p>
   </div>
   <div class='ocr_carea' id='block_1_5' title="bbox 0 0 1461 4676">
    <p class='ocr_par' dir='ltr' id='par_1_10' title="bbox 0 0 1461 4676">
     <span class='ocr_line' id='line_1_47' title="bbox 0 0 1461 4676; baseline 0 0"><span class='ocrx_word' id='word_1_366' title='bbox 0 0 1461 4676; x_wconf 95' lang='lat' dir='ltr'><strong> </strong></span> 
     </span>
    </p>
   </div>
  </div>
 </body>
</html>
