2900 4676
1123 6 1149 67 O

279 358 281 367 y
358 209 763 353 'summam
793 266 948 331 usuc
1135 238 1218 331 513

438 497 499 562 an
522 496 686 563 nissum
710 499 915 563 unnnuu.
947 556 949 560 .
989 482 992 497 '

215 656 362 748 Papia,
386 664 435 744 ri,
460 665 593 732 Votis.
624 656 765 730 instar
791 664 1012 749 rubiginis.
1052 663 1218 750 Aptissima

132 747 308 811 similitudo.
347 746 470 813 In'vidia
489 751 590 833 ipsum
609 771 731 834 quoque
749 749 945 825 invidentem,
967 763 1002 827 nt
1021 751 1130 833 rubigo
1153 753 1217 815 ier-

131 854 214 908 rum‚
238 853 273 894 ex
293 854 354 939 φοο
378 835 486 909 existit,
506 834 667 894 consumit.
710 832 897 895 Periander:
930 826 1034 914 donee
1056 826 1073 892 ὁ
1095 832 1144 907 ἰὸς
1166 858 1217 898 σι-

132 912 247 995 δρρὸν,
275 935 373 987 ουτως
392 909 411 975 ti
432 912 552 997 φθόνος
570 911 627 995 τήν
650 909 789 996 ἔχουσαν
809 908 905 976 ου’τὸν
925 910 1035 996 ψυχὴν
1056 910 1217 1000 dioscuri-

132 1018 197 1077 χει.
221 998 287 1063 Lib.
304 1023 331 1062 r.
355 996 573 1096 Anthologiae:
589 996 625 1061 Ὁ
642 992 761 1081 φθόνος
773 996 844 1060 ἐστι’
862 991 1020 1077 κάκιστον,
1043 991 1113 1077 ἔχει
1133 999 1169 1062 δέ
1184 1020 1216 1062 τι

131 1074 230 1141 καλὸν
250 1080 285 1143 ἐν
306 1079 411 1164 αὐτῷ·
456 1083 549 1162 Τηκει
570 1074 631 1162 γὰρ
663 1080 828 1179 φθονερῶν
850 1070 979 1157 inperia
998 1075 1053 1141 sai
1072 1081 1215 1164 κραδίην.
1287 1132 1292 1141 ,

58 1178 65 1191 “
130 1162 275 1225 Isocrates
298 1168 331 1226 in
350 1164 512 1247 Euagora:
542 1162 588 1247 τῷ
607 1163 718 1247 φθονῳ
740 1162 831 1224 τοῦτο
851 1157 944 1240 μόνον
965 1155 1115 1242 πρόσεστι
1138 1164 1218 1247 α’γα-

130 1244 204 1326 θον,
227 1238 276 1307 ὅτι
292 1247 441 1326 μέγιστον
464 1241 560 1306 κακὸν
580 1250 646 1317 τοῖς
665 1240 792 1326 ἔχουσίν
812 1243 906 1313 ἐστιν.
926 1268 1082 1308 cousin..

216 1328 396 1412 Pag.13,8.
414 1331 540 1428 quiea
558 1330 763 1409 fecerunt,
784 1349 852 1409 ego
874 1334 1084 1414 praesens.⁴
1121 1330 1215 1394 Com-

129 1430 205 1492 para
225 1410 299 1475 haee
322 1434 391 1474 cum
414 1416 470 1489 ris,
493 1433 574 1495 quae
594 1414 626 1472 in
643 1414 870 1494 prooemioseu
893 1414 925 1473 in
944 1413 1067 1495 epistola
1087 1436 1215 1497 respon-

129 1495 210 1555 soria
231 1494 415 1558 Christoduli
436 1496 475 1557 ad
496 1494 600 1557 Nilum
620 1495 774 1557 dicuntur.
803 1494 859 1556 Ad
873 1496 930 1558 boc
955 1517 1018 1558 non
1033 1497 1092 1569 ista
1106 1517 1215 1563 ama-

128 1578 240 1638 ioribas
259 1580 368 1657 didici,
390 1592 446 1642 aut
461 1580 582 1658 famae
600 1579 758 1658 fabulisve
776 1578 882 1662 inepta's
908 1590 966 1639 etc.
993 1600 1122 1640 maran.

212 1660 289 1743 Pag.
302 1662 417 1740 εὔρει
433 1682 544 1722 εοεαε
566 1683 677 1747 quam
695 1661 821 1723 multi.
865 1661 1010 1722 Conferes
1023 1663 1114 1722 etiam
1129 1661 1213 1728 huuc

130 1739 231 1804 locum
251 1743 418 1820 cumillis,
449 1755 618 1826 quaesunt
649 1747 681 1805 in
704 1755 834 1805 extrema
857 1742 982 1825 epistola
1006 1743 1078 1805 Nili.
1124 1748 1213 1832 Qua.

124 1840 251 1910 propter
278 1840 311 1889 ut
337 1828 506 1913 plurimum
539 1827 694 1889 λαιαααοε
727 1828 809 1888 uitae
843 1827 1121 1907 commodaturus,
1148 1842 1210 1894 etc.
1259 1850 1264 1859 ¹

129 1927 258 1971 nourau.

211 1990 289 2073 Pag.
307 1990 415 2077 15‚19.
457 1985 544 2074 ἱερὸν
566 1983 743 2072 κατάλογον,
761 1989 937 2051 universum
953 1988 1144 2054 sacerdotum
1159 2016 1213 2057 or-

126 2069 229 2135 dinem
249 2086 349 2150 vocat,
370 2085 491 2157 sumpta
509 2074 687 2156 metaphora
707 2096 727 2134 a
746 2093 779 2133 re
799 2071 932 2133 militari.
974 2074 1031 2135 Est
1052 2078 1132 2135 enim
1153 2094 1213 2138 κα-

86 2153 92 2161 ’
125 2149 254 2236 εάλογος
274 2157 408 2221 delectus
428 2170 458 2220 et
468 2156 689 2238 καταλεγέντες
703 2164 775 2217 sunt
787 2156 961 2237 conscripti,
983 2159 1157 2238 centuriati,
1179 2172 1210 2221 et

126 2239 308 2318 καταλέγειν
327 2253 373 2304 est
391 2239 542 2325 allegere,
552 2249 587 2301 ut
606 2238 744 2300 Budaeus
759 2237 861 2305 tradit.
904 2238 989 2299 idem
1011 2252 1099 2313 esset,
1120 2244 1146 2302 si
1162 2242 1211 2302 di-

125 2339 262 2383 ceremus
282 2323 320 2385 de
340 2347 425 2388 sacro
444 2325 522 2385 albo.
572 2324 731 2383 Matricem
751 2330 805 2381 eut
824 2319 1016 2395 matriculam
1036 2335 1147 2385 vocant
1167 2327 1211 2386 iu·

125 2407 307 2480 reconsulti,
341 2409 380 2469 de
399 2429 460 2491 qna
481 2406 622 2489 Vegetius
652 2401 705 2467 lib.
728 2425 758 2464 a.
787 2424 852 2486 cap.
871 2405 903 2468 5.
921 2404 1075 2487 ⁸lsidorus
1103 2403 1155 2471 lib.
1182 2429 1208 2473 1.

126 2505 192 2567 cap.
208 2488 259 2554 οὔ.
299 2488 392 2550 Unde
412 2488 499 2550 lacile
515 2486 719 2571 intelligimus,
739 2486 815 2569 quid
826 2489 868 2549 sit
887 2487 959 2549 dare
980 2491 1115 2565 uomina,
1132 2491 1208 2574 quid

126 2570 228 2653 scripti
249 2582 303 2632 aut
322 2574 483 2654 conscripti
505 2570 623 2633 milites.
645 2590 775 2635 rossan.

211 2652 286 2736 Peg.
305 2656 413 2732 νᾶμα.
433 2655 781 2739 spatiosissimum.
823 2651 872 2714 De
900 2651 959 2716 hoc
988 2652 1101 2737 templo
1127 2655 1208 2718 dixi·

125 2755 194 2797 mus
212 2736 359 2800 nonnulla
380 2741 412 2799 iu
435 2737 488 2799 lih.
511 2759 535 2803 ε.
558 2759 623 2818 cap.
642 2756 690 2797 ιο.
732 2735 925 2818 Quamquam
944 2749 1044 2798 autem
1064 2738 1208 2819 frequen·

124 2828 172 2879 ter
192 2819 308 2902 σοφίας
329 2822 387 2883 τοῦ
415 2819 495 2882 θεοῦ
514 2811 608 2899 λόγον
629 2817 753 2895 dicitur,
777 2817 808 2877 id
829 2828 892 2894 est,
911 2818 966 2880 filii
987 2821 1066 2896 Dei,
1088 2825 1142 2903 qui
1162 2833 1209 2884 est

124 2902 253 2964 verbum
277 2915 307 2964 et
326 2904 471 2987 sapientia
492 2902 618 2982 Patris,
646 2923 709 2963 non
729 2913 830 2962 tamen
852 2922 971 2964 neccsse
992 2902 1138 2965 hahemus
1158 2914 1209 2965 to-

123 2985 217 3045 tidem
237 2987 337 3053 verbis
357 2989 557 3070 interpretari,
579 2976 649 3047 cum
669 3006 747 3070 quae
767 2982 820 3045 illa
840 2984 952 3068 Sophia
971 2987 1030 3066 sit,
1054 2989 1112 3048 iam
1135 2989 1208 3049 satis

123 3077 249 3133 constet.
290 3069 438 3132 Rudiores
465 3071 660 3132 historiarum
686 3067 848 3153 quamdam
870 3080 1053 3151 martyrem,
1084 3073 1208 3133 nomine

122 3150 268 3237 Sophiam
286 3155 450 3235 somniant,
461 3157 512 3215 cui
531 3154 589 3216 hoc
601 3151 748 3235 templum
759 3148 930 3214 dedicatum
949 3152 1051 3213 fuerit.
1073 3172 1206 3219 rourss.

204 3236 413 3319 Pag.18,ar.
438 3258 578 3301 novem
605 3234 822 3299 dumtaxat
851 3256 982 3297 annos.
1032 3237 1121 3297 Patre
1144 3256 1206 3298 mo·

121 3319 380 3396 riente,-loannes
387 3318 585 3404 Palaeologus
605 3341 668 3381 nou
688 3317 756 3402 plus
775 3337 886 3382 novem
904 3338 999 3380 annos
1019 3326 1110 3381 natus
1129 3330 1206 3384 erat.

122 3400 203 3463 Huic
226 3403 315 3465 crede
339 3415 370 3465 et
390 3402 499 3467 falsum
517 3415 592 3489 puta
610 3403 788 3482 Leonicum,
809 3405 862 3488 qui
881 3405 910 3465 ei
929 3401 1089 3464 duodecim
1108 3424 1205 3466 anuos

121 3485 241 3547 tribuit.
265 3508 396 3548 ronrnu.

205 3569 236 3631 P
275 3590 411 3653 .2o,19.
431 3568 467 3631 si
493 3583 686 3655 postremo
715 3569 942 3632 revelatum
959 3568 1111 3649 fuerit.
1153 3567 1202 3630 Ex

121 3650 162 3712 D.
182 3593 280 3715 Phili
313 3652 738 3735 r..adCorinth.cap.1d.‚
770 3653 824 3733 ubi
846 3655 889 3714 ita
908 3652 1037 3733 legitur:
1078 3651 1203 3733 προφῆ-

122 3754 179 3795 ται
200 3733 234 3796 δὲ
256 3730 315 3797 δύο
338 3725 360 3817 ἢ
380 3741 464 3814 τρεῖς
484 3731 690 3814 λαλείτωσαν,
712 3732 766 3795 καί
786 3727 816 3795 oi
836 3722 927 3795 cilice
945 3732 1199 3811 διακρινέτωσαν.

122 3810 181 3877 iaie
201 3814 236 3895 di
253 3808 336 3903 ἄλλῳ
358 3816 573 3913 ἀποκαλυφθῇ
592 3816 772 3900 καθημένῳ,
788 3812 806 3878 ὅ
822 3813 942 3896 πρῶτος
963 3807 1093 3895 σιγάτω.
1136 3816 1202 3878 Ve-

120 3909 293 3961 rumtamen
312 3907 344 3962 in
364 3902 510 3964 sententia
531 3899 688 3961 diversitas
707 3898 790 3962 nulla
810 3908 945 3983 apparet.
969 3918 1101 3960 rostras.

204 3983 536 4064 Pag.23.12.0mni
563 3985 717 4045 ratione
747 4004 826 4044 mea
851 3981 1046 4044 commoda
1067 4002 1202 4066 perse·

53 4128 56 4135 ,
118 4067 199 4153 qui.
231 4067 313 4127 Dicit
332 4068 390 4130 hoc
410 4066 537 4151 quilibet
553 4078 701 4151 tyrannus
724 4077 754 4128 et
774 4066 934 4144 barbarus,
956 4076 986 4127 et
998 4076 1199 4149 tyrannorum

119 4160 177 4224 est,
203 4150 347 4229 regnandi
369 4154 465 4234 gratia
485 4151 587 4216 omnia
611 4150 716 4214 diviua
733 4161 765 4213 et
782 4150 915 4214 humana
937 4152 1002 4211 iura
1015 4157 1198 4233 pervertere.

158 4264 369 4320 Cantacuzenur
385 4267 434 4320 nt
706 4262 711 4279 ‘
972 4265 1005 4318 ³3
1032 4318 1038 4339 ,
