2900 4676
221 290 305 377 530
601 292 914 384 sunonnonns

220 480 394 554 praetorem
416 467 520 532 mittit.
558 468 634 533 Eius
660 479 828 548 moutam,
860 488 970 552 magus
992 466 1115 533 llluclrln
1143 474 1311 542 vocemus-2·

220 576 352 619 rossen-
1309 618 1313 627 ,

304 638 386 718 Pag.
404 634 541 714 didm.
563 633 620 698 sci
637 632 833 697 κινδυνεύσει
847 628 883 695 rd
897 632 955 696 τοῦ
976 633 1072 717 pt'lou
1092 633 1214 719 σκάφος
1240 628 1303 699 osi-

219 718 352 798 raedpoe
373 716 581 797 ἀπολωλέναι,
608 719 639 780 id
658 729 712 796 est,
734 720 806 802 quin
821 719 1040 781 Camocuunus
1059 740 1125 780 una
1154 743 1220 782 aon
1241 724 1302 782 suis

218 805 352 865 omnibus
366 804 499 866 linerent.
541 802 752 865 Conditionem
775 823 813 863 ac
833 812 946 863 statum
965 822 1055 863 suum
1079 806 1149 864 navi
1171 826 1225 864 seu
1245 826 1302 864 na-

219 884 382 970 vigationi,
407 896 438 945 et
459 885 617 947 adversam
637 885 841 947 conditionem
861 888 925 947 sive
947 896 1059 947 sortem
1081 886 1194 949 infelici
1215 889 1303 948 navi·

219 969 333 1052 gationi
363 990 398 1029 ac
419 971 590 1050 tempestati
609 968 825 1051 naufragioque
854 989 1049 1050 comparare,
1082 972 1228 1031 usitatum
1257 982 1304 1032 est

218 1053 308 1117 benis
323 1052 531 1134 scriptoribus,
545 1054 732 1134 ramponis,
754 1062 820 1113 tum
835 1050 1026 1131 oratoribus3
1047 1053 1130 1135 qnod
1143 1052 1194 1114 bic
1208 1053 1303 1114 Arnu-

218 1139 283 1198 rius
305 1135 513 1197 Cantocuzeno
544 1136 626 1202 facit.
668 1136 765 1197 Navcs
795 1155 901 1218 porro,
922 1156 1001 1216 quse
1031 1156 1102 1196 cum
1128 1137 1304 1198 vectoribus

219 1229 274 1280 aut
302 1218 514 1300 deprimuntur
543 1230 597 1281 aut
625 1222 806 1300 cupiuntur,
837 1219 967 1279 Graecos
986 1239 1068 1280 nunc
1090 1240 1164 1280 voce
1196 1220 1309 1281 iuncts.

219 1293 438 1382 αὐτάνδρους,
464 1323 546 1363 nunc
579 1302 724 1384 separatis
751 1300 876 1364 vocibus
907 1294 966 1363 osis
995 1305 1063 1374 scic
1080 1298 1231 1383 ἀνδράσιν
1251 1303 1303 1364 di·

219 1386 308 1463 xisse,
328 1384 459 1445 ostendit
479 1383 635 1449 Victorius
655 1385 707 1447 lib.
723 1383 772 1446 25.
797 1405 862 1466 csp.
883 1382 915 1445 8.
939 1403 1069 1448 ronssn.

311 1466 556 1548 Pag.344,25.
592 1467 873 1550 undetriginta
910 1467 1105 1533 millibus.
1145 1467 1303 1531 Trecentis

218 1552 350 1613 navibus
370 1561 489 1612 tsntuns
510 1572 674 1613 numerum
695 1552 851 1634 imposuit.
894 1548 955 1611 Sed
975 1572 1010 1611 cx
1030 1552 1227 1633 sequentibus
1245 1553 1304 1613 tri·

218 1636 302 1716 ginis
326 1654 424 1694 uuum
443 1633 540 1697 millis
561 1634 756 1716 colliguntur.
799 1634 832 1695 si
867 1635 947 1694 enim
975 1635 1062 1696 iussit
1089 1636 1174 1717 sequi
1192 1655 1226 1696 sc
1252 1636 1301 1696 vi·

217 1719 294 1799 giuti
321 1716 418 1778 millia
446 1738 518 1779 cum
549 1717 667 1781 selectis
694 1715 778 1779 mille
799 1718 988 1799 quingentis,
1019 1727 1051 1779 et
1071 1739 1181 1779 novem
1205 1718 1302 1779 millia

263 1801 270 1813 Ο

217 1810 400 1949 ppsngentos
418 1799 459 1862 sd
481 1803 606 1863 navium
635 1802 804 1863 custodium
830 1801 952 1882 reliquit
968 1796 1070 1883 ;‘ergo
1089 1822 1206 1863 summa
1227 1823 1303 1863 con·

257 1886 281 1945 it
299 1883 424 1965 triginta
444 1904 552 1945 unum.
592 1883 653 1945 Sed
676 1884 726 1946 vel
745 1895 880 1947 uratum
904 1882 1023 1946 librarii
1040 1894 1086 1946 est
1106 1888 1138 1945 in
1157 1904 1301 1967 numero,

89 2022 95 2035 ,
217 1964 268 2029 vel
296 1977 403 2027 auctor
429 1965 529 2048 lapsrn
550 1978 595 2028 est
615 1968 771 2029 memoris.
791 1988 925 2029 ronsss.

307 2048 388 2132 Pag.
402 2047 473 2129 346,
491 2051 519 2117 3.
552 2051 801 2136 laboremque
822 2052 1172 2113 conrmunicantem.
1214 2048 1301 2108 Lau-

218 2128 320 2199 dabile
338 2133 454 2196 factum
476 2132 617 2211 Amusii,
646 2137 836 2216 exaequantis
866 2156 899 2195 se
928 2134 1073 2197 militibus
1097 2134 1184 2209 suis,
1221 2130 1303 2192 dnm

219 2238 299 2298 equo
319 2216 492 2298 repudiato,
513 2239 576 2280 uua
596 2237 667 2278 cuns
686 2216 747 2279 illis
768 2216 897 2301 pedihus
914 2217 1035 2279 incedit.
1058 2217 1094 2277 ln
1120 2213 1152 2276 6.
1173 2215 1301 2277 Aeneid.
1427 2268 1430 2273 .

218 2312 309 2382 poete
333 2299 468 2361 Aeuem
498 2322 570 2363 cum
594 2301 737 2363 Troianis
761 2301 825 2362 suis
841 2301 965 2367 arbores
998 2299 1171 2360 caedentem
1199 2308 1230 2358 et
1259 2297 1300 2363 ad

219 2384 331 2445 Miseni
360 2383 490 2446 cadaver
522 2384 719 2449 cremandum
746 2383 961 2447 advolventem
998 2383 1081 2444 fecit.
1145 2381 1209 2442 Nee
1238 2402 1300 2443 non

218 2465 338 2527 Aeneas
368 2486 467 2549 opera
493 2468 575 2529 iruer
604 2467 685 2533 talia
713 2470 828 2551 prtinus
854 2469 990 2531 loriaco
1019 2467 1135 2542 weiss,
1156 2464 1298 2547 poribus·

219 2570 276 2646 que
295 2550 361 2609 oec‘
406 2550 461 2608 ἰω
486 2550 591 2617 emtis.
633 2551 668 2611 ln
698 2571 789 2632 quem
814 2550 912 2613 locum
934 2562 981 2612 sst
1000 2548 1097 2613 multa
1119 2548 1298 2611 adduximus

218 2651 254 2693 so
271 2631 379 2714 symbo
393 2633 417 2692 's
431 2634 552 2706 nostru,
573 2634 685 2779 ‘1:le
704 2634 990 2712 demonstraremus,
1011 2633 1104 2695 duces
1125 2642 1156 2692 et
1174 2633 1300 2711 impera·

219 2724 313 2793 tores,
335 2716 388 2797 qui
407 2736 471 2777 sese
493 2716 582 2781 militi
626 2740 642 2781 s
661 2738 900 2798 nonnunquam,
924 2717 1010 2785 velut
1028 2714 1117 2781 obliti
1136 2715 1300 2795 aupueim-

217 2818 367 2859 ‘memores
387 2818 459 2861 suae
479 2820 622 2881 personae
643 2822 680 2869 ¹ac
701 2800 874 2883 dignitstis,
903 2800 1033 2867 ferendis
1064 2797 1218 2861 laboribus
1249 2807 1300 2857 at-

220 2902 281 2963 quc
312 2879 455 2944 oneribus
498 2882 625 2966 aliisquo
650 2883 740 2947 rebus
770 2883 881 2951 vilibus
901 2883 1049 2946 obeundis
1079 2903 1116 2944 ac
1146 2879 1299 2963 potiundis

219 2977 445 3049 aequassent,
464 2987 603 3048 msgnsm
624 2967 745 3031 larrdesn
763 2967 893 3050 adeptos.
912 2987 1040 3033 annun.

304 3048 386 3127 Peg.
403 3049 476 3132 349,
489 3046 521 3109 8.
541 3050 579 3112 in
596 3049 772 3129 Odyssea
797 3071 820 3112 a
840 3052 1013 3132 cyclope.
1032 3048 1113 3111 Vide
1134 3042 1299 3130 Odyssei„

219 3130 477 3212 quemadmodum
501 3141 671 3197 tractentur
689 3155 714 3199 s.
735 3133 926 3217 Polyphemo
947 3133 1067 3216 Ulyssis
1093 3130 1180 3192 socii·
1219 3128 1300 3190 Vide

219 3214 311 3279 etiam
338 3226 506 3281 extremum
529 3220 653 3279 testium
674 3216 801 3287 Aeneid.
820 3230 871 3296 οι)
904 3219 932 3285 si
954 3216 1092 3300 placebit,
1123 3211 1215 3274 Ovid.
1251 3209 1301 3290 14.

219 3295 354 3357 Metamo
391 3296 424 3362 b.
444 3298 488 3359 ab
504 3318 543 3360 eo
564 3299 651 3363 loco:
674 3302 749 3385 pusii
758 3303 835 3365 mibi
847 3316 916 3367 usne
928 3301 1027 3365 aussi
1046 3311 1104 3362 etc.
1127 3292 1226 3360 Psulo
1237 3293 1301 3355 hn-

218 3380 339 3443 manius
394 3381 449 3441 'sse
470 3381 591 3447 babitus
613 3382 698 3458 dicit,
719 3386 805 3465 quusi
820 3385 950 3462 dium,
978 3395 1098 3447 uncum
1119 3402 1182 3443 non
1207 3379 1301 3438 etism

218 3460 262 3525 sb
277 3460 337 3523 illis
356 3462 493 3527 deserui
512 3477 597 3544 sunt,
616 3465 702 3548 <prod
719 3468 806 3531 sociis
829 3469 946 3551 Ulyssis
966 3467 1093 3531 facieba
1111 3462 1187 3526 illud
1208 3481 1302 3535 mon-

220 3555 317 3611 mun
338 3544 534 3625 horrendum,
555 3549 705 3627 nume,
724 3552 842 3633 ingens·
881 3551 1055 3617 Visceribus
1071 3551 1153 3611 enim
1172 3545 1302 3607 miser-o-

113 3634 124 3649 *
217 3646 288 3697 rum
307 3638 339 3688 et
358 3631 507 3711 ssoguioa
522 3644 591 3700 stac
609 3634 796 3703 vcseebetur.
817 3656 946 3701 consu.

222 3762 230 3773 .
302 3706 469 3794 Pag.‘351‚
488 3715 518 3779 5.
545 3718 732 3802 siquidem
759 3731 800 3779 et
833 3741 908 3785 scus
930 3714 1170 3803 aliquando.
1214 3710 1301 3779 Haeo

218 3792 341 3872 fabula,
361 3808 398 3861 ut
416 3798 564 3877 arbitrer,
579 3821 635 3861 nec
653 3801 735 3882 opud
746 3802 931 3883 ⁴abesopumn
959 3822 1016 3865 nec
1038 3799 1120 3883 apud
1138 3795 1302 3872 anriam,

218 3875 354 3939 ullumve
381 3878 476 3943 alium
495 3883 751 3966 mytbcgrspbum
778 3887 938 3968 reperitur.
981 3886 1040 3947 Est
1058 3895 1158 3945 tomen
1182 3878 1224 3943 sd
1241 3877 1301 3938 do-

216 3962 347 4023 cendum
366 3963 502 4043 idonea,
533 3988 580 4031 res
608 3988 733 4049 magnas
762 3978 793 4028 et
820 3968 958 4031 homines
977 3978 1117 4051 potentes
1136 3959 1301 4046 aliquando

216 4065 381 4125 parvarum
400 4066 503 4113 recuro
522 4061 553 4111 et
572 4050 732 4111 bominum
752 4052 876 4114 minime
889 4055 1059 4134 potentium
1072 4047 1183 4110 auxilio
1197 4064 1298 4126 egere·
1376 4052 1382 4061 ’

217 4128 301 4270 Qrpd
322 4130 404 4271 enipi
430 4151 516 4192 mure
535 4133 698 4213 abiectius,
725 4134 915 4198 invalidius?
945 4134 1020 4218 quid
1046 4135 1134 4196 leone
1153 4126 1300 4205 nobilius,

216 4228 252 4269 ro
274 4222 370 4275 usnus
414 4234 543 4279 runnu.
