2978 4678
473 268 529 333 lo
557 267 837 333 murncmmr
864 271 940 333 un.
972 273 985 331 1
1170 244 1253 359 377

185 427 301 490 minum
318 421 432 485 seelera
449 427 482 483 ei
498 418 634 502 flagitia,
656 441 718 481 uon
738 430 836 482 essent
854 419 1043 504 pestilentia,
1064 418 1198 498 belim,
1212 424 1257 486 fn.

184 531 269 586 mes,
296 506 450 569 eluviones
470 504 588 585 aliaque
608 502 689 564 mala
718 507 904 565 atrocissima
922 515 953 563 et
975 502 1258 588 plur·ima‚,quibus

184 595 268 654 Deus
286 610 342 652 nos
361 588 448 671 punit
472 587 521 647 vel
540 587 681 646 admouet
700 587 819 667 potius,
844 597 879 646 ut
893 589 1122 666 resipiscamus,
1144 591 1170 648 si
1187 611 1258 671 poe-

185 696 241 736 nas
270 684 407 734 edernae
437 669 563 735 velimus
591 668 729 750 effugere.
769 670 852 751 Ergo
878 671 910 729 in
936 670 1038 730 Deum
1058 669 1137 731 mala
1157 683 1260 733 nostra

185 755 228 818 ob
249 757 326 817 hane
347 774 490 835 causam,
513 754 601 834 quasi
630 750 771 813 videlicet
788 754 819 811 iu
841 752 1110 814 animadversorem
1137 756 1260 833 punito·

184 861 321 922 remque,
337 837 458 914 referri,
481 837 566 916 pium
589 845 654 913 est,
675 843 706 894 et
724 835 757 894 id
776 845 879 896 sancta
900 834 1047 915 scriptura
1074 836 1183 918 passim
1202 837 1261 897 do·

184 934 244 985 oet.
287 922 417 995 Omnia,
439 939 514 1003 quae
521 919 630 998 fiunti
649 918 750 999 nobb,
773 918 924 994 Domine,
944 920 976 978 iu
993 939 1066 980 vero
1086 919 1196 981 iudicio
1202 921 1260 998 fie-

186 1008 274 1079 cisti,
295 1007 370 1091 quia
473 1003 568 1060 vintru
599 1001 654 1061 titi
681 1013 711 1061 et
728 1001 876 1061 morzdatu
898 1002 955 1060 ursi
981 1021 1045 1060 non
1064 1002 1257 1077 obedivimus,

187 1087 306 1151 Daniel.
322 1088 353 1150 5.
412 1087 497 1151 itum
509 1082 596 1151 locos'
610 1080 702 1163 alim,
714 1085 786 1169 quia
805 1083 930 1169 sapienti
947 1102 1066 1169 panea,
1082 1094 1118 1147 ut
1138 1084 1258 1146 dicitur.

186 1191 318 1237 sorren.
380 1210 387 1219 »

270 1252 348 1334 fag.
372 1249 420 1331 14,
443 1249 490 1314 15.
511 1241 634 1329 ἔγγονον
652 1261 733 1312 reete
753 1250 798 1312 M.

272 1333 473 1416 Pug.rd‚ao.
496 1333 751 1395 Constantino
769 1355 818 1393 ex
837 1329 1013 1393 Cotiara
1027 1334 1179 1417 pellice
1199 1357 1260 1395 na-

188 1433 278 1481 tum.
288 1415 457 1481 Mumlouis
465 1415 684 1497 protovestiarii
699 1417 789 1477 filiam
802 1435 925 1475 uxorem
936 1415 1056 1492 habuit,
1068 1438 1104 1476 ex
1118 1438 1179 1498 qua
1193 1418 1262 1477 nu'l·

190 1500 237 1562 los
254 1503 357 1584 genuit
376 1498 495 1561 liberos.
517 1499 565 1561 Ea
577 1509 644 1581 post
655 1499 806 1576 defuncta,
821 1519 857 1557 ex
869 1497 976 1559 ancilla
986 1500 1133 1573 formosa,
1149 1499 1263 1561 Catha-

187 1604 224 1645 ra
243 1585 384 1658 nomiae,
405 1602 532 1664 puerum
554 1584 697 1664 suscepit,
721 1603 811 1664 quem
828 1579 1005 1643 Michaelem
1027 1582 1193 1643 Catharum
1213 1584 1261 1643 di·

188 1668 254 1729 xits
278 1676 309 1727 et
322 1664 514 1749 postmodum
535 1666 622 1727 novis
641 1667 796 1726 cuiusdam
813 1661 966 1723 Eudociae
989 1665 1142 1726 amoribus
1157 1669 1259 1746 (mom

185 1760 221 1810 et
242 1751 309 1811 viro
329 1752 394 1811 eius
413 1759 535 1809 mortuo
555 1768 678 1808 uxorem
699 1747 795 1822 duxit)
815 1756 947 1807 veterem
968 1759 999 1808 et
1021 1747 1208 1810 concubinae
1231 1759 1262 1808 et

188 1832 244 1895 filii
262 1853 297 1893 ex
316 1831 423 1894 ea.sibi
444 1831 593 1912 procreati
613 1851 745 1890 amorem
766 1851 800 1890 er
821 1830 921 1889 auimo
941 1831 1046 1908 eiecit,
1065 1840 1101 1891 ut
1123 1829 1261 1914 pluribus

186 1910 243 1982 lib.
253 1914 285 1976 8.
308 1916 375 1995 ipso
396 1914 488 1973 lerme
508 1912 594 1973 initio
613 1933 632 1973 a
652 1914 785 1995 Gregora
805 1911 955 1993 proditur.
976 1934 1110 1975 sorren.

270 1995 348 2077 fag.
373 1994 421 2074 td,
435 1984 570 2058 abodr’
588 1992 749 2073 ἐγκυκλίου
783 2000 897 2075 πεῖραν
926 1990 1000 2073 ἔσχε
1024 1995 1180 2069 nutriatur.
1213 1997 1262 2058 De

186 2078 262 2142 orbe
281 2077 335 2138 illo
354 2078 561 2139 doctrinarum
581 2075 791 2161 loquitur,qui
812 2089 925 2158 septem
946 2078 1062 2141 artibus
1086 2077 1261 2139 liberalibus

185 2161 340 2224 delinitur.
384 2162 471 2239 Quae
499 2159 612 2240 alioqui
646 2161 735 2222 etiam
764 2163 868 2221 iuncto
889 2161 983 2221 verbo
1004 2154 1260 2239 dyxunlonotdet'o

187 2247 289 2308 vocari
308 2243 394 2305 solet.
437 2245 553 2304 Verum
573 2262 591 2301 a
613 2265 663 2305 me
682 2262 792 2305 nomeu
818 2243 918 2324 ipsum
937 2243 1014 2304 orbiu
1035 2244 1158 2325 exprimi
1179 2243 1262 2307 baud

186 2347 306 2397 ueceue
325 2325 543 2411 fuit‚=qnando
563 2345 612 2387 res
634 2324 716 2387 clara
736 2326 804 2388 eat(
829 2344 956 2392 roursu.
1277 2346 1282 2357 ·

270 2408 461 2495 Pag.=15‚·7.
485 2408 745 2471 Domesticum
765 2430 870 2470 suum
890 2422 925 2471 et
940 2407 1263 2472 contubernalem.

187 2497 336 2575 Gregoras
355 2491 429 2553 elias
452 2513 555 2554 causas
577 2490 654 2553 duas
673 2490 778 2571 affert,
808 2512 886 2573 quae
905 2503 1007 2554 tamen
1027 2491 1098 2553 buia
1118 2515 1137 2555 a
1157 2504 1261 2555 nostro

189 2576 300 2640 allatae
329 2574 406 2637 nibil
436 2585 615 2657 repugnant.
654 2574 753 2653 Enni,
781 2577 900 2656 iuquit,
927 2597 1038 2639 annius
1055 2578 1160 2637 aetatis
1184 2577 1263 2644 XV.

186 2673 318 2744 agentem
331 2659 511 2731 decommum,
528 2658 715 2720 marmiun
734 2659 896 2720 misteria
912 2662 1056 2739 nummu,
1073 2662 1216 2743 ρι’ἰωιιηι,
1226 2682 1263 2721 ne

185 2746 225 2804 ob
244 2741 381 2805 omnibus
399 2742 646 2821 neglectus‚fame
658 2744 794 2824 periret,
815 2742 1264 2823 demdefflrtassemtsungut‘ne

186 2827 378 2910 iniperutorio
404 2824 563 2898 euandro,
583 2820 729 2904 affirmate
750 2846 817 2885 urm
874 2828 938 2886 'uo
962 2825 1152 2909 rufinitimt'r
1173 2828 1263 2885 horu-

185 2909 238 2971 bns
267 2911 435 2988 unigenae
451 2927 613 2992 pacemque
623 2909 794 2968 concilrbret
816 2921 846 2968 et
889 2929 1009 2968 omanus
1041 2908 1263 2991 Romanamque

184 3014 249 3057 sem
265 2991 430 3054 adiuvant.
471 2989 575 3073 Pergit
594 2988 703 3052 deinde
722 2992 825 3072 paucis
845 2991 998 3067 indicare,
1018 3011 1080 3073 quo
1097 2989 1163 3052 loco
1183 2992 1264 3071 apud

185 3095 288 3141 seuam
319 3073 434 3150 fuerit,
462 3074 495 3134 iu
516 3094 577 3155 quo
594 3084 696 3135 noster
715 3086 761 3135 est
780 3076 938 3157 eopiosior.
982 3074 1056 3134 Gcm
1081 3088 1197 3152 mamm,
1218 3078 1267 3136 iu·

182 3159 268 3242 quit,
288 3156 323 3216 in
337 3158 455 3242 palatio
476 3170 660 3232 oemamusr,
673 3157 759 3219 brevi
780 3170 912 3236 tempore
925 3160 1111 3240 inperatoris
1133 3160 1266 3220 animam

183 3245 229 3305 ita
246 3240 304 3302 siti
327 3242 513 3319 eandmund,
539 3242 693 3325 metipsi
715 3243 902 3325 &inperatore
921 3241 996 3327 filii
1018 3241 1047 3300 ei
1078 3243 1264 3320 inviderent,
1292 3270 1298 3279 ’

184 3324 374 3388 Andronico
404 3344 477 3384 vem
523 3324 623 3384 itmzor
661 3325 825 3407 imperator
860 3326 1041 3385 imsceretur
1095 3326 1267 3410 molesteque

173 3408 297 3494 fimet,
319 3408 464 3488 insignem
491 3408 577 3468 utum
600 3410 648 3467 sui
678 3426 814 3468 umorem
839 3408 923 3490 apud
945 3428 1035 3468 ovum
1057 3406 1265 3493 languescere,

184 3511 259 3572 engo
277 3492 423 3552 monam
453 3510 526 3552 vero
556 3490 641 3551 illum
670 3503 699 3557 et
719 3490 901 3569 subditurum
920 3494 1109 3553 venementer
1129 3512 1267 3556 crescere.

185 3574 327 3635 Ostendit
344 3583 514 3654 praeterea,
538 3571 690 3655 quomodo
713 3594 808 3635 annos
828 3585 934 3635 natum
954 3573 1004 3636 25.
1025 3574 1145 3637 cuidem
1163 3575 1265 3637 Mace-

185 3656 311 3718 donicae
330 3656 504 3738 provinciae
517 3657 714 3737 praefecerit,
732 3667 763 3717 et
783 3660 847 3718 eius
871 3657 1040 3719 encomium
1060 3662 1141 3723 texit.
1183 3662 1264 3743 Lege

184 3736 281 3816 tino.
304 3738 396 3821 paulo
416 3749 486 3820 post
505 3740 698 3820 principium.
720 3759 849 3805 ronrsn.

214 3866 218 3873 -
269 3821 451 3904 Pag.16‚3.
477 3822 919 3906 propteraltitudinem
963 3825 1265 3909 uidentgrudus.

185 3903 303 3965 Plinius
323 3904 539 3988 Vespasianum
552 3904 708 3986 alloquens
741 3905 904 3968 raeiatioue
920 3848 1069 3971 dieterico
1084 3931 1156 3972 suae
1166 3912 1264 3971 Natu-

185 3984 281 4065 mlis,
303 3987 513 4071 imperatorem
533 3991 576 4048 ait
595 3991 627 4048 in
649 3927 845 4050 excelsissimo
864 3990 992 4055 humaui
1013 3997 1129 4075 generis
1146 3993 1263 4073 fastigio

184 4071 326 4151 positum.
366 4070 490 4132 Nobiles
519 4091 554 4130 nc
584 4071 759 4152 praesertim
780 4075 952 4157 principes,
977 4097 1079 4158 reges,
1102 4080 1264 4156 imperato-

185 4170 235 4219 τοῦ
261 4170 323 4214 uon
354 4165 399 4215 est
434 4151 595 4217 vuisimile
615 4156 735 4216 mentiri
756 4153 852 4233 velle,
881 4160 952 4239 quia
971 4160 1004 4220 id
1024 4179 1140 4220 summa
1160 4160 1266 4218 aarum
