2926 4684
226 284 283 370 88
620 301 901 399 clnuscqzeur

69 477 137 531 etc.
151 477 217 549 134⁸
225 458 336 525 ἔπειτα
355 453 626 544 όπιστρατεύσωοι
640 454 792 543 δεσπότη,
805 450 1020 541 ώοθενεστίρτρ
1032 451 1227 553 γεγενημένῳ
1239 443 1313 536 ἤδη.

225 560 281 624 καί
301 557 380 624 curri
396 555 454 641 την
473 557 591 622 ἐκείνου
615 558 799 639 παραίνεσιν
820 552 923 618 πάντα
944 555 1086 633 ἐτελεῖτο.
1126 550 1230 638 ἡμέρα
1249 575 1312 635 γαρ

225 662 263 747 τῇ
290 655 373 746 αὐτῇ
400 658 524 721 πόντων
553 654 741 741 ἐκρότησαν,
772 647 843 718 όσοι
862 649 985 717 πόλεων
1009 645 1112 736 ἦρχον
1139 645 1315 735 ἧκωγιών·

228 757 338 824 ἔπειτα
364 754 589 838 ἁπανταχόθεν
617 749 842 839 ἀθροισθέντες
870 755 1070 835 παμπληθεῖς
1092 748 1187 830 πεζοί
1205 772 1238 815 τε
1258 750 1317 813 καί

199 854 332 933 εόππεῖς
360 853 497 943 ἐπῄεσαν
527 855 683 941 δεσπότῃ,
705 853 920 933 Λαμποοδιόυ
941 849 1022 932 μετὰ
1041 852 1105 916 τών
1125 840 1230 915 ἄλλων
1251 849 1344 915 τών5

229 959 456 1041 δυνατωτέρων
485 953 668 1039 ἡγουμένου.
713 951 869 1036 ’δεσπότης
896 954 931 1015 δὲ
966 948 1042 1028 τούς
1061 952 1164 1025 ἰδίους
1183 947 1317 1034 ἐφοπλί-

228 1080 309 1135 σας,
333 1049 402 1119 όσοι
423 1051 543 1117 εἵποντο
565 1053 600 1115 ἐκ
622 1054 818 1132 Βυζαντίου,
839 1049 915 1139 χειρί
932 1053 1131 1137 τριακοσίους
1155 1044 1243 1124 όντας
1263 1053 1318 1111 λο-

226 1152 328 1240 γόδας
355 1154 496 1231 πόντος,
511 1136 702 1238 ’ἀντεπεξῄει
723 1159 788 1225 τοῖς
808 1148 1095 1237 Πελοποννησίοις,
1127 1150 1183 1215 καί
1199 1152 1318 1229 μισθο·

228 1254 349 1340 φόρους
369 1251 451 1335 ἔχων
471 1252 596 1334 όλίγους
627 1251 834 1335 Ἀκαρνᾶνας.
873 1248 903 1316 οἱ
924 1252 960 1315 tt
981 1250 1057 1315 ούδὲ
1077 1249 1123 1324 εἷς
1142 1240 1218 1329 όιγιν
1237 1242 1320 1312 riuo-
1347 1265 1354 1272 ·

227 1356 388 1437 μείναντες
405 1352 529 1432 ε’λδιῖν,
544 1352 588 1426 εἰς
603 1350 708 1436 φυγήν
728 1373 763 1413 τε
784 1346 953 1436 ἒτρώποντο
973 1348 1030 1419 καί
1047 1348 1240 1434 διελύθησαν
1260 1373 1318 1412 κα-
1332 1365 1367 1404 ¹⁰

228 1450 270 1517 τό
291 1447 421 1524 πόλεις·
456 1452 511 1514 καί
538 1449 567 1513 oi
597 1452 657 1530 μὲν
683 1441 800 1514 αύτίνα
822 1447 1046 1535 προσεχώρουν
1070 1446 1320 1533 παραιτούμενοι

230 1550 287 1615 καί
303 1547 475 1632 ἐτύγχανον
498 1545 700 1634 συγγνώμης,
730 1543 800 1614 ὅσοι
817 1551 853 1614 δὲ
874 1540 957 1633 ἦσαν
983 1543 1205 1633 τολμηρότεροι
1238 1546 1321 1630 πρός

231 1646 480 1734 νεωτερισμούς,
498 1644 556 1723 τός
579 1643 686 1724 πόλεις
713 1646 941 1730 κατασχόντες,
965 1649 1024 1711 ουίι
1043 1649 1188 1730 ἐδέχοντο
1206 1647 1322 1711 δεσπό·

135 1768 142 1779 ’
197 1764 287 1832 Βτην
308 1742 455 1831 όνοητως.
496 1748 530 1811 οἳ
547 1748 608 1831 γοὶρ
635 1745 717 1827 όμσό
735 1744 915 1829 σύμπαντες
941 1747 1102 1830 ἀντισχεῖν
1122 1745 1180 1811 ούκ
1199 1745 1318 1830 ἠδυνή-

188 1871 192 1879 ’
229 1852 357 1931 θησαν,
379 1837 465 1911 οὗτοι
483 1851 552 1911 κατ’
560 1848 683 1928 ὀλίγους
703 1848 933 1930 διαιρεθέντες,
963 1836 1099 1931 ἤλπισαν
1119 1839 1316 1931 περιγενησε-
1335 1848 1369 1909 1⁵

231 1950 320 2011 σθαι.
344 1939 475 2029 ύστιρον
488 1945 597 2025 μέντοι
608 1946 663 2010 καί
684 1944 777 2009 αύτοί
794 1942 875 2027 μετὰ
891 1942 1009 2028 πολλὴν
1029 1945 1168 2011 κόκωσιν
1187 1945 1242 2010 καί
1263 1944 1322 2021 τός

232 2050 375 2127 συνεχεῖς
403 2041 578 2127 ἐπιδρομὰς
606 2046 661 2113 καί
688 2042 857 2128 λεηλασίας
887 2044 924 2109 τό
954 2054 1101 2110 συνοῖσον
1120 2044 1324 2124 συνιδόντες,

233 2140 461 2229 προσεχώρουν
489 2145 533 2231 τηῖ
553 2142 689 2231 δεσπότῃ
711 2141 855 2223 δεόμενοι
874 2148 983 2227 τυχεῖν
1010 2144 1206 2230 συγγνώμης.
1245 2143 1264 2210 ό
1287 2146 1324 2208 δὲ

235 2241 406 2329 παρείχετο
427 2243 538 2322 πᾶσιν,
561 2239 599 2306 ού
618 2245 724 2325 μισών
743 2245 883 2326 μᾶλλον,
903 2238 924 2328 ἢ
946 2245 1001 2328 τῆς
1024 2244 1133 2320 όνοίας
1147 2248 1260 2326 ε’λεών,
1274 2240 1323 2309 ότι

134 2340 411 2417 verissimumque
430 2340 592 2420 σώζεσθαι
614 2339 686 2407 ἐνόν
697 2390 708 2423 ,
731 2336 891 2407 ἇπώλοντο
914 2351 979 2417 τοῖς
999 2342 1079 2428 ότιὲρ
1100 2342 1236 2424 δύναμιν
1255 2346 1372 2408 ἐπι-νο

234 2443 427 2524 χειροόνιες.
449 2438 618 2525 ἡσύχασαν
638 2443 674 2506 δὲ
687 2439 804 2525 χρόνον
824 2441 880 2504 ούκ
901 2433 1003 2523 ὀλίγον
1013 2440 1092 2526 ,την
1111 2438 1172 2507 ύπό
1189 2442 1323 2532 δεσπότῃ

237 2543 382 2604 δουλείαν
402 2533 441 2603 ού
451 2542 571 2620 μᾶλλον
584 2539 644 2604 ύπ*
654 2538 895 2624 εὐγνωμοσύνης
910 2535 1059 2625 εύμαρώς
1074 2544 1234 2628 φέροντες,
1249 2539 1326 2608 ὅσον

236 2636 301 2703 ύπό
321 2641 424 2716 δέους.
442 2647 502 2704 τοῦ
514 2637 594 2727 πρός
607 2636 762 2729 α’λληλους
775 2641 811 2709 δὲ
823 2644 886 2707 τῶν
898 2643 1056 2724 βασιλέων
1074 2633 1171 2721 αὖθις
1187 2644 1326 2726 πολέμου

239 2848 392 2921 eodemque
411 2850 456 2905 dic
475 2851 526 2902 sub
545 2852 638 2924 iugum
657 2853 733 2905 missi
751 2872 864 2920 omnes,
890 2857 939 2929 qui
958 2855 1074 2909 urbibus
1097 2864 1147 2910 aut
1163 2856 1230 2910 vicis
1245 2873 1326 2926 prae-

239 2931 326 2974 erant.
368 2923 432 2973 Post
456 2924 641 2993 undequaque
663 2925 780 2975 conflata
801 2928 895 2993 ingess
921 2925 1046 2996 peditum
1068 2930 1247 3000 equitumque
1264 2929 1325 2991 vis,

239 2990 391 3060 Lampudio
409 3000 438 3044 ct
457 2992 661 3060 potentioribus
678 2995 885 3061 praeeuntibus,
903 2999 933 3048 in
952 2996 1093 3067 despoton
1105 2998 1202 3050 tendit
1220 3002 1245 3051 ls
1263 3014 1326 3051 cum

240 3065 298 3113 suis
315 3070 454 3130 quotquot
473 3064 607 3127 Byzantio
619 3061 786 3128 adduxerat,
803 3063 968 3130 (idduserat
984 3078 1075 3121 sutem
1094 3072 1201 3123 circiter
1216 3075 1327 3122 trecen·

240 3139 301 3193 tos,
319 3130 433 3180 selectus
452 3135 576 3201 omnes,)
592 3135 741 3204 paucisque
766 3136 940 3190 conductitiis
957 3138 1144 3192 Acarnanibus
1164 3147 1259 3194 contra
1275 3140 1328 3192 Pe·

241 3201 418 3267 loponnesios
439 3201 578 3269 procedit,
599 3204 647 3273 qui
666 3219 701 3257 ne
719 3205 749 3255 in
767 3216 943 3275 conspectum
961 3209 1072 3278 quidem
1091 3210 1211 3264 bostium
1231 3211 1329 3265 venire

241 3270 422 3333 instituentur,
451 3273 482 3322 iu
512 3272 603 3342 sugam
625 3276 697 3326 versi
727 3283 756 3328 et
787 3276 940 3346 oppidatim
964 3279 1065 3351 dilapsi
1091 3290 1163 3334 sunt.
1199 3281 1271 3332 'snm
1290 3282 1327 3336 de

243 3340 352 3392 hisatii
371 3339 482 3410 quidem
500 3342 530 3392 in
549 3344 608 3394 eius
627 3344 709 3396 iidem
726 3346 818 3398 rtatim
836 3365 865 3400 se
884 3349 1329 3420 tradidere,veniamposoentes,

243 3428 324 3481 quarn
343 3427 405 3463 mox
423 3413 679 3482 consequebantur3
700 3415 877 3490 alii,qnilrus
895 3418 930 3471 sd
947 3422 1068 3475 studium
1091 3438 1181 3475 rerum
1200 3440 1334 3477 novarum
1390 3433 1395 3441 ⁴

262 3481 305 3532 lus
332 3483 420 3533 inerat
442 3482 588 3548 audaciae,
619 3485 733 3538 urbibus
762 3491 923 3559 occupatis,
951 3490 1093 3563 despotsm
1119 3511 1175 3545 non
1202 3493 1334 3546 admitte-

241 3497 326 3612 Knnt,
344 3552 445 3606 stolide
463 3553 603 3621 prolect03
630 3557 679 3626 qui
705 3559 779 3610 enirn
804 3576 897 3612 omncs
928 3563 1010 3615 simul
1028 3563 1156 3616 resistcre
1174 3581 1230 3616 non
1250 3574 1333 3632 pote·

244 3629 322 3685 rant,
349 3621 380 3675 lri
411 3641 459 3692 per
493 3626 674 3678 cohorticulas
702 3628 842 3698 dissipati,
875 3633 1016 3684 victoriam
1039 3633 1092 3686 sibi
1119 3634 1334 3704 pollicebantur.

188 3736 190 3741 .
243 3692 368 3744 Tandem
387 3694 537 3764 aliquando
556 3704 584 3749 et
599 3698 663 3766 ipsi,
680 3705 722 3750 tot
740 3701 853 3767 perlatis
871 3704 1052 3756 incommodis
1073 3713 1102 3757 et
1128 3706 1334 3759 incursionibus

244 3760 627 3833 direptionibusquearsiduis
641 3769 734 3820 oculos
744 3782 919 3839 aperuerunt,
926 3783 954 3826 et
979 3777 1048 3828 etita
1058 3776 1148 3837 venia,
1157 3776 1185 3828 iu
1203 3776 1336 3845 despotse

243 3836 434 3886 auctoritatem
449 3845 644 3890 concesseruut
665 3841 718 3891 lllc
730 3842 871 3911 ignoscere
888 3793 1031 3907 omullus,
1046 3863 1099 3898 nec
1112 3863 1159 3899 cos
1170 3846 1262 3899 odisse
1275 3864 1337 3899 me·

244 3904 294 3972 gis,
305 3921 396 3974 quam,
413 3913 444 3956 nt
455 3919 588 3970 umentes,
600 3908 736 3963 miserari:
755 3914 803 3982 qni
820 3930 881 3965 cum
893 3916 954 3969 sinc
965 3916 1088 3985 periculo
1101 3917 1202 3970 servari
1212 3925 1338 3987 possent,

244 3975 342 4045 iniqua
365 3975 469 4027 viribus
490 3979 599 4041 conati,
621 3995 680 4030 sese
700 3981 838 4049 perditum
864 3985 977 4038 herent
1010 3986 1068 4039 Nec
1091 3987 1138 4039 diu
1165 4006 1194 4041 re
1215 3991 1338 4051 ulerunt,

247 4044 325 4113 quod
343 4043 473 4113 despotae
492 4050 637 4117 imperium
651 4067 707 4102 non
726 4059 782 4102 tam
803 4063 915 4124 propter
933 4059 1177 4127 aequanimitatem
1195 4008 1337 4123 libentes,

245 4132 327 4183 quim
339 4133 401 4168 curn
411 4119 509 4170 timore
522 4121 645 4172 nolentes
655 4124 799 4174 sufferrent
808 4143 815 4189 ς
824 4131 852 4176 et
861 4124 936 4179 bello
949 4130 1020 4180 inter
1029 4129 1206 4197 imperatores
1216 4133 1337 4183 resusci-

245 4190 304 4240 tato
313 4187 477 4260 iunioreque
491 4192 822 4265 imperatorel‘alncologo
832 4213 920 4250 rerum
931 4200 1068 4270 potiente,
1075 4201 1272 4274 rursum,quia
1284 4216 1336 4274 pa-
