2978 4678
248 282 335 385 384
626 309 936 376 saumaricum

249 465 360 529 Patria
381 473 469 547 captu
491 475 549 524 est:
566 464 645 524 arms
667 463 735 524 nris
759 464 898 525 interris
923 462 1030 524 similis
1049 463 1148 524 mlle.-
1170 460 1227 523 sed
1241 460 1319 524 einr·

248 548 349 626 modi,
368 564 444 631 qrme
455 567 515 606 non
525 549 660 607 mmmm
677 550 808 629 potierit
817 549 932 607 exstrui
944 567 1044 607 nmmo
1063 545 1184 626 Eadem
1199 547 1318 626 magni-

248 631 349 691 tudine
366 643 396 689 et
432 629 904 711 umoumoaepmmabanmu
926 641 1123 691 etuemutaoe
1141 627 1316 711 splendente

247 733 341 797 quam
359 733 379 771 a
538 712 667 772 onmiun
692 713 808 795 uspiam
828 712 942 772 urbium
968 714 1137 772 matriniam
1296 713 1304 727 ⁶

248 796 512 879 nmmqueausim:
534 815 626 878 mmm
647 813 739 855 mmm
757 815 857 855 omnes
878 794 1036 878 spernebant
1059 807 1088 855 et
1104 793 1261 854 credebant
1285 796 1318 855 ise

245 876 1199 1043 nruuuurunmnunuinu
1220 897 1319 1019 m

248 1045 414 1127 appellente·
436 1042 514 1101 orbis
531 1056 629 1102 tenue
652 1055 707 1104 ant
733 1065 809 1119 cor,
844 1064 866 1102 a
893 1063 964 1103 cero
987 1061 1047 1102 mu
1068 1040 1242 1101 alermum:
1281 1042 1318 1102 de

249 1147 309 1210 qim
325 1127 439 1187 isenrini
451 1146 509 1185 eron
524 1126 652 1206 gloriari
664 1124 788 1186 iubebas.-
812 1127 845 1185 in
860 1146 920 1207 qum
931 1129 1025 1186 ciuem
1046 1124 1228 1206 adscriptum
1246 1145 1317 1201 erse,

174 1262 175 1265 ‘
251 1229 311 1351 d}
324 1208 996 1353 '’iiim‘ilffttffithl
1017 1208 1205 1349 titlt‘
1218 1206 1320 1349 lili&

251 1372 338 1433 hum.
380 1375 504 1435 Invenio
531 1373 611 1434 hene
634 1374 741 1436 urbem
770 1373 881 1435 dictam
902 1366 1157 1453 Xptnrodnolsr,
1175 1371 1321 1456 quemod-

251 1457 376 1517 mcdum
397 1455 590 1519 Antiochiam
611 1449 792 1521 Θεούπολιν.
830 1475 959 1521 ronan.

333 1540 412 1619 Peg.
434 1539 487 1618 26,
509 1538 559 1619 nd„
582 1536 610 1600 δ’
632 1530 733 1624 ἑαυτῷ
753 1541 798 1601 Μ.
1011 1590 1016 1597 .

333 1622 508 1706 escape.
529 1625 592 1684 icc
615 1643 726 1704 genus
743 1624 1012 1707 occupationes.
1032 1619 1156 1701 Venari,
1167 1621 1320 1703 aucupari,

253 1705 334 1783 (nam
347 1717 388 1766 =et
407 1708 535 1786 aucupio
554 1702 757 1768 delwtahatnr
776 1708 913 1787 iuvenis,
932 1717 968 1767 ut
986 1704 1322 1787 videbis,)equeatribns

253 1808 361 1849 vacare
380 1786 506 1885 lusibus,
526 1809 589 1850 non
610 1799 681 1850 aunt
702 1788 861 1852 illiberales
880 1789 1106 1875 occupatione),
1134 1808 1191 1849 nec
1211 1788 1323 1868 princi-

253 1869 798 2027 &mimmii
812 1871 1323 2018 finitumis&

334 2039 523 2098 innocentem
551 2036 665 2099 duriter
690 2040 869 2122 increparet.
910 2038 1061 2101 Videntur
1082 2035 1157 2097 aliae
1176 2035 1323 2118 quaedmn

289 2121 344 2181 ‘sse
365 2123 576 2201 occupationes
596 2120 686 2195 illins,
707 2142 816 2204 nempe
835 2123 868 2183 in
889 2123 1006 2195 scortis,
1018 2118 1321 2193 commessationibus,

253 2205 409 2264 nocturnis
429 2203 743 2281 cbamhnlnfionibns,
772 2209 805 2266 in
825 2224 894 2266 aere
914 2203 1122 2287 profundendo
1143 2213 1176 2263 et
1193 2203 1325 2263 nomini·

252 2283 312 2347 hus
337 2285 496 2362 faciendis,
527 2308 596 2348 cum
627 2286 829 2350 inobedientia
862 2297 892 2349 et
921 2287 1108 2349 contumacia
1126 2305 1197 2366 erga
1218 2296 1326 2361 avum,¹

253 2390 331 2450 quae
351 2370 508 2451 Gregoras,
528 2366 605 2430 nihil
626 2370 791 2454 quidquam
808 2375 933 2449 veritus,
956 2379 1114 2445 memorat,
1132 2368 1275 2430 infensior
1293 2376 1325 2429 et

253 2451 385 2533 iniquior
413 2452 534 2532 eidem
566 2462 602 2512 ut
630 2465 764 2536 apparet.
805 2453 850 2515 At
867 2465 968 2514 noster
997 2452 1047 2513 hic
1070 2450 1120 2512 vel
1139 2450 1231 2533 digna
1250 2451 1325 2511 haee

253 2553 316 2594 non
336 2545 439 2615 putat,
476 2535 517 2594 ob
548 2555 627 2618 quae
647 2538 768 2599 iuvenia‘
780 2538 908 2618 imperio
929 2538 1084 2620 priveturt
1115 2536 1188 2616 quia
1214 2533 1328 2595 scilicet

254 2628 375 2698 peccata
395 2618 556 2680 inventutis
575 2621 653 2680 sint:
673 2619 744 2681 dion
763 2632 854 2693 aetus,
875 2619 950 2680 dum
972 2632 1084 2703 tempus
1101 2618 1185 2695 ιιιίἰι,
1202 2618 1256 2693 (ait
1276 2612 1328 2678 ille

254 2719 341 2761 senex
362 2699 394 2759 in
416 2699 556 2779 Andria,)
572 2703 643 2779 sivi,
660 2705 792 2765 anenmm
812 2715 844 2763 ut
857 2703 993 2786 expleret
1006 2721 1109 2762 mum:
1130 2711 1161 2760 et
1179 2698 1256 2761 alius
1275 2697 1328 2760 illc

254 2783 288 2843 in
302 2781 447 2863 Adelphis
466 2782 534 2864 plus
557 2805 575 2844 a
635 2806 654 2846 ο
673 2786 857 2869 indulgence
877 2798 974 2862 amet,
995 2796 1142 2857 κονεειιιν,
1164 2794 1257 2865 potet,
1264 2783 1327 2861 sc·

206 2880 211 2889 ·
256 2868 316 2926 ctist
336 2866 418 2950 quod
440 2865 535 2928 lubet:
562 2804 754 2951 vllupmpnr
776 2888 927 2930 summum
950 2888 1092 2941 morem,
1112 2865 1214 2940 credo,
1234 2865 1329 2925 utie-

256 2969 324 3010 mae
343 2960 374 3012 et
394 2947 503 3012 honori
533 2951 597 3012 eius
618 2950 777 3031 consulat,
811 2950 968 3013 artificiose
988 2948 1155 3011 dissimulat
1183 2968 1219 3011 ac
1240 2968 1329 3029 prae·

256 3033 337 3099 ten‘t.
377 3032 478 3093 Etiam
497 3053 559 3093 non
579 3033 670 3095 semel
689 3037 838 3097 iurantem
858 3034 995 3110 inducit,
1028 3032 1104 3094 nihil
1126 3051 1157 3092 ae
1178 3041 1263 3092 tanta
1283 3033 1330 3091 ira

256 3127 288 3176 et
306 3115 376 3176 odio
395 3115 445 3176 avi
463 3115 587 3197 dignum
602 3118 803 3196 commisisse,
822 3116 875 3178 aed
893 3138 912 3177 a
931 3115 1195 3179 calumniatoribus
1210 3134 1242 3175 se
1255 3110 1330 3174 falso

257 3198 337 3278 apud
367 3195 454 3258 illum
480 3198 598 3263 deferri.
641 3200 734 3279 Quod
761 3222 801 3262 an
828 3202 962 3263 excusari
989 3202 1105 3281 possit,
1136 3200 1331 3279 sicregorm

259 3299 331 3340 vera
349 3277 506 3360 loquitur,
532 3282 671 3364 equidem
690 3284 773 3346 hand
793 3284 864 3347 scic.
905 3281 953 3343 Ac
973 3293 1057 3343 tanto
1087 3283 1187 3343 minua
1206 3280 1332 3342 fortasse

258 3371 374 3443 potest,
398 3361 590 3443 quodinitio
610 3364 752 3427 historiae
770 3387 803 3426 se
823 3368 957 3426 veritatis
978 3376 1042 3426 tam
1060 3374 1210 3427 amantem
1231 3372 1332 3424 caten·

258 3444 345 3506 derit.
377 3441 591 3507 Verumtamen
611 3450 736 3509 nonita
753 3446 929 3524 dissimulm,
950 3449 1036 3530 quin,
1099 3468 1148 3509 em
1168 3449 1257 3509 toties
1276 3443 1332 3505 de·

176 3579 180 3587 ,
258 3526 354 3587 fendit
373 3536 403 3587 et
426 3537 567 3606 excusat,
590 3529 808 3613 propemodum
829 3530 1024 3613 manifestep
1080 3542 1119 3595 at.
1148 3529 1233 3590 Infra
1250 3529 1334 3588 enim

258 3612 357 3753 Ειηιιι
375 3608 590 3673 adolescentem
619 3633 652 3675 ae
682 3611 783 3696 flagris
812 3613 902 3698 digna
932 3626 1117 3696 perpetrasse
1141 3614 1334 3675 confitentem

290 3696 342 3755 cit.
383 3692 479 3776 Atqui
509 3705 635 3758 versatus
661 3706 692 3758 et
711 3697 853 3759 decursus
873 3700 1018 3780 equestris
1035 3695 1141 3781 flagris
1159 3696 1250 3778 digna
1270 3713 1333 3753 non

260 3786 340 3843 suut.
370 3778 562 3859 Quamquam
582 3800 656 3842 vero
675 3780 798 3842 modum
820 3783 853 3842 in
873 3780 920 3843 his
939 3780 1080 3843 excedere
1100 3782 1210 3863 potuit,
1230 3779 1333 3856 (immo

260 3860 405 3934 excessit,
448 3880 518 3922 cum
546 3883 618 3944 prae
646 3862 746 3925 atudm
776 3885 879 3926 rerum
909 3866 1036 3925 istarum
1063 3883 1201 3926 somnum
1227 3878 1334 3941 capere

259 3943 566 4089 &tritici
578 3946 719 4090 itit?
737 3958 778 4090 «Γι
797 3950 875 4093 mii-⁸
903 3957 1006 4045 ’ΨΜ
1034 3941 1335 4109 *ellidffi

260 4107 352 4187 hanc,
364 4109 416 4171 sed
429 4109 516 4170 aliam
530 4111 691 4192 quamdam
702 4051 1056 4195 llillllerlddlilpldle
1074 4052 1220 4194 hilerim,
1241 4129 1334 4192 quam

261 4195 294 4254 in
313 4215 345 4257 se
360 4192 459 4279 flagris
477 4194 660 4279 puniendam
679 4197 830 4260 consessus
851 4206 903 4266 est.
943 4194 1044 4259 Nihilo
1063 4198 1163 4258 minus
1182 4198 1241 4258 ista
1260 4193 1334 4254 vitia
