2926 4688
231 219 262 323 lt
399 294 410 301 .
666 244 871 313 emicent

233 403 355 475 rimonia
385 412 519 464 recen-tem,
532 399 610 475 quod
626 403 721 456 Annae
739 416 765 456 rt
775 403 844 477 fllia
853 399 942 477 fidem
956 399 1130 472 adstringere
1140 402 1231 457 eoacti
1238 404 1305 456 sint:

233 475 326 527 ambos
366 472 470 546 efendit
485 477 652 542 imperator,
673 485 701 526 et
720 475 784 526 illos
805 486 933 536 excusat,
959 476 1009 544 qui
1025 492 1053 527 se
1071 475 1181 545 utrique
1191 472 1305 544 fidelem

224 547 353 619 fleturum
371 561 428 596 non
444 543 588 615 putabant.
622 544 784 597 Necessario
804 560 832 596 se
849 541 888 595 ad
905 545 1046 612 imperium
1059 544 1239 598 accessisset!
1255 547 1307 595 im·

229 615 367 686 peratrici
382 630 417 665 ac
429 614 502 684 filiis
523 614 583 668 eius
601 612 738 683 infensum
755 632 812 664 non
833 629 897 666 esse.
931 612 1062 666 Seditiosi
1077 614 1162 666 etiam
1180 613 1214 665 ab
1227 613 1308 666 Irene

232 701 320 738 uxore
337 683 525 752 repelluntur.-
536 682 633 754 filium
649 682 816 755 Matthaeum
834 679 874 734 ad
888 677 1066 751 defectionem
1084 697 1102 733 a
1117 694 1209 752 patre,
1226 695 1254 735 et
1270 679 1312 734 ad

230 755 429 826 principatum,
447 755 556 821 aliquot
573 751 695 804 urbibus'
706 753 737 802 in
752 765 910 823 potestatem
922 751 1053 816 redactis,
1070 751 1124 803 sili
1137 750 1308 806 condendum

228 826 368 895 principes
386 822 549 875 sollicitant.
586 823 643 874 Cur
654 818 694 872 ad
704 823 781 875 illum
793 823 961 875 desciverint
972 824 1018 891 (7)
1055 821 1214 875 Matthaeus
1224 838 1310 891 quae·

233 894 298 947 dam
319 891 420 965 oppida
437 892 492 944 sibi
515 889 613 944 subdit.
649 894 741 944 Mater
756 895 848 966 filium
866 891 905 944 ad
921 897 1065 946 sanitatem
1084 904 1205 944 revocat.
1240 892 1312 944 Eius

223 965 352 1037 feminae
372 965 443 1019 laus.
477 960 662 1023 Andronicus,
682 963 889 1015 minimusnatu
899 961 984 1035 filius
1002 981 1017 1016 e
1036 960 1134 1025 tribus,
1149 960 1311 1031 pestilentia

232 1034 368 1087 moritur.-
386 1033 446 1085 eius
459 1031 634 1101 penitenciae
656 1030 767 1100 elegans
784 1030 942 1101 descriptio.
979 1034 1052 1099 Quas
1068 1032 1205 1083 utilitates
1215 1032 1247 1083 in
1259 1030 1311 1083 ho·
1351 1087 1354 1093 ,

233 1105 337 1156 minum
354 1103 454 1154 animis
473 1101 525 1153 illa
542 1101 602 1153 lues
620 1098 748 1170 ffcerit.
789 1104 941 1170 Imperator
962 1119 1020 1155 cum
1045 1119 1146 1169 genera
1171 1099 1311 1153 Ihraciae

233 1173 314 1227 urbes
332 1173 400 1233 alsit,
419 1174 532 1240 eiusque
552 1169 592 1222 ad
608 1172 733 1223 militiam
752 1169 896 1225 habilitate
915 1173 1036 1225 laetatur
1047 1172 1096 1241 (8).
1130 1169 1174 1224 Ad
1186 1170 1313 1223 Clemen-

234 1256 286 1297 tem
303 1259 402 1313 papam
419 1241 533 1309 legatio,
552 1258 608 1312 qua
624 1258 653 1293 se
670 1238 704 1293 de
722 1241 848 1295 barbaris
867 1244 898 1294 in
908 1243 1045 1294 auxilium
1061 1240 1177 1293 adscitis
1186 1251 1311 1293 excusat:
1366 1262 1369 1267 ·

233 1330 311 1384 apem
328 1328 404 1364 suam
425 1308 548 1380 spondet,
565 1312 591 1361 si
609 1326 668 1361 cum
683 1312 856 1381 principibus
875 1312 1040 1364 Christianis
1056 1313 1088 1362 in
1104 1312 1239 1362 barbaros
1254 1310 1314 1361 bel-

233 1384 290 1436 lum
306 1382 444 1449 suscipere
462 1381 539 1432 velit.
583 1378 731 1432 Laudatur
749 1399 766 1432 a
781 1400 863 1452 papa.
898 1382 995 1443 Legati
1014 1380 1090 1433 dicta
1123 1379 1315 1433 Cantacuzeni

235 1455 268 1505 in
290 1448 486 1522 ephemeridem
510 1449 642 1518 referunt.
678 1451 753 1517 Papa
771 1452 804 1504 de
828 1469 896 1504 cura
916 1468 982 1516 erga
1004 1449 1201 1503 adolescentem
1228 1453 1314 1518 impe·

235 1533 356 1576 ratorem
379 1532 405 1573 et
422 1531 533 1572 matrem
552 1522 581 1572 ei
597 1519 706 1587 gratias
722 1522 800 1589 agit:
817 1520 856 1587 ael
866 1522 1042 1573 ecclesiarum
1054 1516 1229 1572 concordiam
1244 1516 1312 1569 con·

234 1588 385 1645 ciliandam
406 1588 519 1643 eundem
536 1589 672 1645 hortatur.
707 1590 779 1642 Petit
795 1592 829 1642 ab
848 1608 879 1642 eo
900 1592 1050 1661 imperator
1062 1591 1231 1642 Concilium.-
1243 1606 1313 1657 pro-

234 1663 373 1714 mittitur:
390 1657 439 1711 sed
457 1659 529 1712 lello
546 1660 648 1711 Italico
668 1674 713 1711 res
729 1659 858 1730 diffitetur
873 1661 923 1729 (9).
964 1662 1075 1713 Interea
1097 1658 1224 1729 pontifex
1249 1658 1314 1708 vita

233 1730 411 1802 defungitur:
432 1730 473 1780 ita
493 1746 528 1781 en
549 1746 580 1782 re
597 1738 700 1796 parata
722 1731 859 1798 imparata
879 1728 980 1783 evadit.
1017 1730 1205 1799 Tomprotisas
1221 1727 1314 1780 urbem

234 1799 331 1854 tradit·
365 1800 466 1852 Persae
480 1800 657 1869 populatores
673 1802 761 1859 caesi.
780 1801 871 1870 capti:
890 1801 1026 1869 reliquiae
1043 1802 1075 1851 in
1095 1801 1190 1852 callem
1211 1797 1312 1867 conflt-

234 1873 323 1941 giunt.
360 1868 509 1938 Nicephari
525 1866 651 1937 despotae
669 1871 826 1936 periculosa
843 1870 989 1923 temeritas.
1024 1869 1123 1921 Persae
1146 1865 1247 1920 donati
1263 1863 1314 1917 da·

235 1957 307 1993 mum
332 1942 517 1991 remittuntur·
566 1938 704 1991 Matthaei
720 1938 785 2012 filii
808 1957 955 2007 generosus
979 1940 1085 1991 animus
1111 1940 1144 1989 in
1170 1936 1314 2006 conflictu.

237 2010 424 2064 Victoriarum
436 2009 529 2060 nuntii
539 2009 680 2078 utrinque.
717 2010 846 2061 Calculus
861 2011 1036 2078 imperatoris
1052 2020 1079 2061 et
1094 2005 1125 2060 in
1143 2008 1237 2058 morlo
1249 2008 1315 2057 oin

235 2093 281 2134 tus
291 2079 358 2148 (so).
394 2080 486 2145 Quare
501 2079 630 2129 Galataei
646 2076 744 2129 bellum
762 2080 924 2148 imperatori
929 2079 1073 2149 ficerint:
1090 2079 1206 2146 spatium
1219 2078 1314 2145 regio-

235 2152 282 2202 nis
297 2166 380 2218 supra
401 2150 493 2201 urbem
510 2149 591 2218 uafre
607 2159 719 2217 petunt,
737 2164 789 2201 nec
807 2149 971 2218 impetrant:
1001 2149 1090 2200 asinis
1108 2158 1315 2214 comparantur.

233 2221 347 2274 Damna
370 2218 405 2269 ab
430 2219 466 2270 iis
490 2235 541 2286 per
564 2215 720 2269 incendium
743 2219 826 2272 illata
849 2219 999 2284 Byzantiis.
1038 2220 1073 2270 In
1094 2218 1198 2268 tumulo
1214 2218 1314 2267 turrim

235 2290 377 2342 excitant:
403 2268 520 2357 spatilsm
541 2304 623 2354 mura
647 2288 834 2354 intercipiunt.
873 2290 1043 2340 Mercatores
1058 2299 1085 2339 et
1101 2287 1213 2360 opifices
1230 2303 1257 2336 se
1278 2281 1313 2336 de

237 2359 382 2412 Galataeis
411 2355 557 2409 vindicari
581 2369 671 2409 orant.
715 2358 820 2410 Eorum
847 2356 970 2423 lapidum
999 2358 1151 2409 iaculatrix
1176 2354 1314 2407 machina.

236 2432 312 2481 Saxa
332 2426 571 2496 Constantinopoli
590 2424 717 2478 Galatam
732 2445 785 2495 per
796 2440 928 2479 tormenta
941 2427 1070 2498 displosa.
1107 2427 1242 2479 Oneraric
1253 2441 1315 2476 cum

235 2498 364 2550 maehina
378 2494 514 2566 depressa.
550 2497 731 2548 Ganuensiam
744 2498 875 2549 oneraria
888 2498 1050 2567 intercepta.
1085 2497 1188 2550 Bellum
1201 2495 1316 2548 navale.

235 2569 391 2634 Imperator
409 2567 502 2618 victus
529 2565 649 2617 animum
666 2566 799 2620 excelsum
811 2568 923 2629 retinet,
942 2569 1052 2620 classem
1065 2577 1186 2635 reparat.
1224 2566 1317 2616 Victa»

236 2655 281 2690 res
304 2634 489 2705 triumphant:
513 2651 605 2688 eorum
627 2637 659 2687 in
682 2638 763 2690 victis
787 2637 992 2690 contemnendis
1015 2636 1172 2690 insolentia.
1214 2636 1316 2688 Iocrtm

237 2704 374 2767 reddunt,
398 2702 477 2775 qu'em
498 2708 538 2757 eis
562 2703 713 2761 imaerator
734 2704 821 2758 donat
842 2707 907 2777 (tt).
942 2709 982 2760 De
1000 2709 1086 2759 nimia
1104 2706 1250 2758 exactione
1267 2721 1317 2754 ca-

204 2790 207 2799 ·
235 2777 350 2829 lamnia.
388 2776 493 2827 Causae
517 2775 690 2827 insolitorum
714 2777 885 2829 tributorum.
922 2777 1014 2828 Chium
1031 2778 1188 2828 Genuenses
1205 2770 1316 2824 tandem

236 2848 395 2898 restituunt.
440 2843 596 2897 Calathetus
616 2845 767 2899 Phocaeam
790 2846 947 2915 praefectus
973 2846 1092 2896 mittitur
1113 2847 1181 2911 (sa).
1222 2843 1316 2893 Status

235 2915 418 2981 Peloponnesi
443 2912 621 2967 miserandus,
665 2918 779 2967 Manuel
789 2916 874 2987 filius
900 2916 1083 2982 imperatricis
1108 2922 1223 2980 praetor
1244 2908 1316 2961 desi·

236 2997 335 3051 gnatus
354 2982 424 3054 quid
434 2984 483 3057 ili⁸
490 2984 612 3052 gesserit.
649 2985 743 3035 Vincit
758 2985 847 3035 hostes
863 2995 889 3034 et
905 2985 1033 3047 ignoscit.
1072 2982 1167 3034 totins·
1182 2979 1316 3033 Achaiam

237 3065 360 3105 tenentes
391 3053 474 3104 amici
496 3069 531 3103 ac
552 3051 624 3103 socii
636 3051 724 3124 fiunt.
767 3053 842 3103 Laus
860 3050 980 3103 eiusdem
999 3051 1140 3104 Manuelis
1157 3066 1174 3099 a
1193 3047 1316 3119 placidis

237 3135 264 3175 et
283 3124 397 3191 integris
409 3120 528 3173 moribus
540 3120 604 3188 (13).
638 3123 763 3174 Lasamts
778 3122 1043 3186 Hierosolymitanue
1056 3131 1209 3181 accusatus,
1226 3116 1317 3189 gradu

238 3193 373 3262 pellitur:
381 3192 460 3262 fesme
477 3191 631 3261 affligitur:
648 3209 665 3243 a
686 3193 829 3244 Galataeis
845 3188 884 3241 ad
891 3189 967 3261 fidei
983 3192 1196 3244 communionem
1206 3191 1318 3240 invita-

238 3276 281 3316 tus
295 3274 421 3313 recusat.-
439 3261 560 3313 iniurias
576 3262 741 3313 contemnit:
755 3259 879 3312 hostibus
895 3262 951 3311 suis
965 3259 1096 3314 traditur.
1131 3258 1317 3312 I'atriarchae

238 3336 269 3385 in
287 3348 346 3384 eum
370 3344 397 3383 et
422 3329 580 3382 humanitas
609 3342 635 3381 et
657 3329 854 3383 inhumanitas.
897 3330 1136 3382 A'Cantacuseno
1155 3331 1261 3399 legatus
1279 3327 1319 3381 ad

238 3403 381 3455 Sultanum
397 3402 514 3483 Aeprpti
529 3418 580 3469 pra
600 3399 766 3451 Christianis
784 3411 811 3451 et
824 3418 874 3451 sua
893 3402 1066 3453 restitutione
1084 3402 1208 3452 mittitur.
1244 3400 1318 3470 Epi·

237 3472 310 3528 stola
330 3472 442 3523 Sultans
463 3470 656 3541 responsoria.-
673 3471 705 3521 in
720 3483 840 3522 extrema
854 3471 1039 3525 Cantacusent'
1054 3471 1190 3540 laus(tl).
1227 3472 1317 3524 Gera—
1353 3466 1357 3517 Ῑ

239 3544 323 3596 simus
340 3542 438 3593 iterum
454 3541 588 3593 lazarum
607 3537 682 3606 apud
698 3540 840 3592 Sultanum
862 3557 992 3614 accusare
1009 3559 1124 3614 parans,
1145 3542 1176 3592 in
1193 3543 1243 3593 via
1259 3554 1317 3593 mo-

240 3615 322 3666 ritur.
364 3613 509 3663 Successor
532 3609 645 3663 Sultani
667 3609 808 3662 Siclsuntis
827 3609 1035 3682 archisatrapae
1054 3612 1169 3682 impulsu
1186 3612 1218 3662 in
1237 3610 1371 3663 Chri-w

239 3683 346 3734 stianos
362 3681 462 3737 saevit,
495 3680 552 3732 Cur
565 3678 696 3731 locabitis
704 3677 862 3732 haereticis
882 3681 983 3734 Sicleun
1001 3681 1160 3753 pepercerit.
1194 3681 1317 3734 Lasams

240 3750 418 3817 flagellatur:
445 3750 599 3802 Christiani
626 3747 795 3802 damnantur
817 3750 952 3817 infirmia,
977 3753 1152 3822 ceteroquin
1174 3751 1318 3821 suppliciis

240 3824 377 3875 immunes.
422 3821 548 3873 Palamas
579 3817 791 3873 Thessalonicae
814 3834 923 3875 creatus
946 3824 1102 3892 episcopus,
1129 3839 1146 3872 a
1188 3819 1318 3889 raefeotis

240 3888 415 3961 repudiatur,
436 3891 485 3962 qui
502 3890 594 3942 urbem
616 3907 691 3941 suam
705 3889 807 3960 jacere
832 3904 976 3945 conantur.
1010 3890 1136 3945 Andreae
1156 3838 1319 3960 disloeola'ge'

242 3961 273 4013 in
301 3963 491 4029 imperatorem
514 3957 719 4027 audacia(15).
761 3961 891 4013 Callisats
908 3960 1015 4015 Isidoro
1030 3959 1208 4031 patriarchae
1223 3977 1317 4013 succe·

241 4029 292 4082 dit.
326 4030 480 4097 Imperator
496 4046 556 4082 cum
572 4046 659 4082 uxore
678 4030 889 4085 monachismum
899 4032 1053 4084 meditatur.
1092 4029 1317 4083 Thessalonicen·

239 4117 283 4153 ses
297 4117 372 4170 opem
388 4102 513 4168 rogitant
527 4100 696 4171 suppliciter.
729 4101 924 4171 Palaeologum
941 4100 1007 4155 urle
1025 4100 1151 4171 exigunt,
1169 4117 1249 4183 quam
1261 4103 1317 4152 Ze-

212 4192 215 4197 ·
240 4171 314 4226 lotae
344 4169 422 4224 Crali
444 4168 554 4227 tradere
576 4167 694 4226 audent
736 4170 924 4227 Barlasorum
943 4188 1001 4226 mas
1021 4172 1053 4226 in
1075 4170 1189 4225 aemults
1207 4171 1318 4245 impetis'
