2900 4676
200 209 288 316 460
441 217 448 232 ’
588 231 902 302 montuosus
937 208 939 217 ’

285 392 451 478 fagum,
468 390 515 459 16.
536 390 773 470 κατενεχθέντος
794 392 837 451 Μ.
859 409 918 474 mg.
937 410 994 475 pro
1013 379 1187 464 aaoirroc.'
1270 390 1280 403 ‘

287 475 521 558 Pag.353,18.
541 470 671 554 ἐπέζησε
695 476 739 534 Μ.
764 485 854 535 recte.

286 556 455 641 Pagdid,
471 560 502 636 4.
523 555 809 639 Sebastopalus.
831 556 964 635 Quidam
984 555 1125 617 Sebastos
1145 555 1289 638 nomine3
1309 548 1312 561 '

200 663 272 705 nam
283 648 396 714 noctae
409 652 440 703 et
451 642 566 702 novior
577 638 714 723 syllabae
730 651 800 701 sunt
820 639 986 701 adiectitinc
1003 642 1169 701 recentium
1186 642 1289 703 Grae-

200 748 323 801 corum,
353 725 444 806 idque
471 734 536 785 tam
564 726 596 785 in
623 719 922 805 'appellativis,quam
942 725 1071 807 propriis
1097 725 1285 798 nominibus,

202 808 279 870 nihil
318 808 529 891 significantes.
571 805 665 888 Apud
696 827 772 889 quos
792 806 873 889 legas
903 800 1078 869 u’stdnoola
1103 828 1160 888 pro
1189 798 1286 884 darei,

199 887 454 975 ὀρχοντόνιουλον
472 911 529 975 pro
552 879 712 969 ἄρχοντα,
734 883 1004 973 στρατηγόπουλος
1022 910 1080 972 pro
1102 885 1284 971 στρατηγὸς,

198 969 452 1056 τουρκόπουλος,
492 968 764 1053 οΰμβερτόηουλρς
795 994 850 1056 pro
873 972 1007 1053 τοῦρκος
1036 982 1067 1032 et
1097 971 1285 1051 ου’μβέρτος.

198 1055 248 1118 Sic
276 1051 723 1155 Othonopulns3F1-ancopulus
745 1066 802 1119 etc.
826 1056 854 1117 A
870 1053 1023 1117 πέλεσθαι
1036 1053 1178 1115 videntur
1193 1055 1287 1117 ducta

198 1139 302 1217 ambo,
317 1150 347 1201 et
356 1161 414 1223 pro
428 1143 523 1213 πολος
535 1139 605 1205 dici.
619 1136 714 1200 Plura
725 1136 906 1200 scholiastes
920 1137 1132 1220 Curopalntne.
1152 1156 1285 1202 rossan.

282 1223 688 1305 Pag·354,13.sugam
717 1222 974 1284 simulabant.
1016 1223 1120 1281 Genus
1143 1219 1205 1282 doli
1225 1226 1286 1282 mi-

196 1303 306 1385 litaris,
323 1327 385 1389 quo
407 1307 453 1367 usi
477 1316 549 1368 sunt
571 1303 723 1402 israelitae
744 1316 852 1366 contra
871 1305 1053 1404 Beniamitas
1071 1303 1125 1370 lib.
1146 1303 1285 1365 ludicnm

198 1386 1228 1555 Atettadttftttatttdttttstilicidi?
1243 1399 1287 1532 ii

195 1552 1183 1700 didititit.t“alttd.t.⁰·.itltttttidttt
1194 1564 1286 1719 itt?

220 1688 228 1704 0
349 1681 357 1698 0
612 1686 623 1717 j
1274 1675 1286 1689 ⁶

169 1722 172 1727 ’
197 1721 358 1786 ratoribus.
378 1720 455 1783 Nam
474 1724 528 1804 qui
548 1723 629 1783 missi
651 1732 737 1784 mant
757 1720 969 1798 inconstante
987 1731 1094 1781 contra
1111 1720 1283 1781 Constanti·

198 1823 286 1878 unm,
311 1806 365 1885 qui
385 1815 510 1887 paterna
530 1805 695 1888 partitione
715 1824 776 1864 non
803 1816 973 1882 contentus,
996 1803 1096 1865 fratris
1115 1805 1285 1884 provincias

201 1887 365 1948 invadebat
372 1891 395 1967 ,)
415 1907 486 1949 cum
508 1908 616 1970 parum
637 1910 656 1950 a
680 1887 876 1949 Constantino
897 1888 1061 1965 abesam,
1091 1886 1215 1947 insidias
1236 1885 1284 1947 lo-

198 1980 291 2050 cant,
341 1991 481 2053 agnaque
509 1972 585 2033 inita
608 1970 711 2055 fugam
738 1969 890 2038 simulant.
932 1972 1018 2051 Quos
1041 1969 1115 2030 dum
1135 1970 1284 2030 Constan-

197 2054 255 2114 tini
276 2054 316 2114 m‘
331 2054 385 2115 itcs
404 2065 639 2138 persequuntur,
668 2055 721 2139 qui
750 2054 783 2116 in
804 2054 920 2117 insidiis
949 2052 1087 2114 collocati
1114 2051 1242 2129 fuerant,
1263 2072 1284 2113 a

197 2147 283 2219 tergo
311 2136 483 2200 invadunt.¹
510 2138 560 2201 Sic
589 2137 773 2221 lirgientibus
802 2139 895 2200 Mam
924 2136 1097 2214 conversis,
1129 2137 1162 2196 in
1184 2135 1283 2196 medio

198 2219 332 2282 duorum
353 2223 538 2284 exercituum
558 2224 735 2304 intercepti,
757 2241 868 2305 magna
890 2242 925 2283 ex
945 2229 1031 2304 parte
1050 2218 1181 2292 cadunt,
1216 2222 1286 2300 ipso

197 2305 289 2364 Mam
309 2303 507 2366 Constantino
526 2304 695 2367 interfecto.
737 2303 818 2365 Vide
840 2305 872 2365 in
896 2304 953 2365 hoc
973 2323 1082 2387 genere
1104 2312 1282 2383 strategema

197 2385 327 2471 Gorgiae
347 2399 451 2451 contra
480 2388 669 2450 Phoebidam
698 2386 779 2471 apud
798 2387 986 2471 Polyaenum
1006 2385 1060 2447 lib.
1081 2406 1111 2453 a.
1132 2404 1261 2449 rorraa.

277 2467 452 2551 sapsas,
471 2491 498 2532 1.
518 2469 714 2548 iuuiapdr'asv
734 2471 779 2536 M.
800 2490 861 2554 mg.

280 2549 364 2633 Pag.
381 2553 453 2637 357,
474 2572 501 2621 ι.
527 2546 744 2635 Παχατούρης
766 2555 813 2615 Μ.

278 2633 410 2699 Iliadem.
442 2636 611 2697 Osmarri
629 2636 766 2721 patris
790 2636 1005 2699 Oretania
1029 2633 1190 2698 coaevi.
1231 2633 1280 2696 lta

197 2715 296 2780 scribo
309 2738 365 2801 pro
381 2719 551 2800 Atticiano,
561 2721 643 2804 quod
656 2717 747 2782 habet
757 2721 892 2781 Graecus
905 2720 1006 2782 codex.
1022 2719 1138 2801 Vulgus
1151 2717 1281 2780 Othma-

197 2822 272 2863 num
293 2823 347 2864 seu
356 2801 566 2866 Othomanum
579 2802 715 2864 nominat
726 2812 757 2864 et
770 2805 834 2865 eius
845 2813 980 2887 posteros
993 2801 1212 2865 Othomanidas
1224 2821 1282 2883 pro

199 2885 390 2948 Osmanidis:
412 2887 544 2970 postulat
558 2888 591 2949 id
606 2886 755 2948 Arabicae
768 2886 953 2948 etTurcicac
966 2884 1089 2969 linguae
1100 2886 1280 2968 pronuntia-

199 2971 255 3043 tio,
267 2971 419 3031 etGraeca
433 2971 561 3054 prolatio
581 2971 724 3045 nominis,
746 2986 801 3052 per
822 2970 979 3053 dscripd,
1000 2990 1062 3031 non
1083 2968 1280 3030 adversatur:

197 3052 319 3135 quaudo
343 3055 433 3115 istaec
454 3055 553 3116 littera
573 3074 635 3114 non
658 3052 768 3115 latinae
790 3066 804 3115 t
825 3053 874 3114 vel
897 3056 927 3114 tls
952 3051 1137 3137 respondet,
1172 3051 1225 3113 sed
1242 3072 1281 3111 ex

197 3155 255 3194 usn
266 3138 450 3199 Graecorum
471 3140 590 3220 gemino
611 3140 712 3221 potius
726 3158 755 3197 sa
775 3158 846 3199 cnm
860 3136 949 3199 sibilo
970 3135 1105 3219 quodam
1129 3155 1279 3217 expresso.

198 3216 409 3284 Leunclavins.
450 3221 499 3282 De
525 3222 643 3303 origine
664 3232 766 3283 autom
783 3220 875 3282 huius
896 3219 1022 3307 Osnpani
1044 3240 1098 3281 seu
1122 3218 1276 3297 Osmanis,

197 3309 229 3360 et
250 3304 465 3384 propagatione
482 3305 602 3387 Imperii
623 3305 755 3381 Turcici,
774 3326 809 3385 ex
828 3302 1025 3366 Sultauornm
1043 3301 1281 3364 Osmanidarum

197 3402 251 3444 seu
281 3380 418 3444 Tulcicis
446 3387 616 3447 Annalibus
653 3386 726 3447 audi
754 3388 923 3461 somnium,
962 3408 1025 3447 non
1053 3384 1196 3446 dissimile
1222 3384 1279 3466 itti,

239 3465 279 3526 od
301 3467 445 3549 Astyages
468 3489 519 3529 rex
542 3468 702 3529 Medorum
725 3467 763 3528 da
784 3468 846 3530 lilia
866 3490 921 3531 sna
944 3469 1056 3553 Cyrum
1076 3471 1214 3552 genitura
1233 3471 1282 3528 vi·

223 3550 267 3626 't,
310 3551 432 3632 uodqne
453 3551 626 3614 Herodotus
651 3562 682 3614 et
704 3553 836 3613 lustinus
856 3553 1036 3620 retulerunt.
1075 3548 1205 3613 Accidit
1221 3552 1284 3611 aii-

199 3571 352 3716 quando,
383 3647 417 3696 ut
436 3632 605 3698 Etntcalcr
631 3634 738 3719 fessus
765 3635 905 3698 interdiu
941 3649 1035 3698 semet
1066 3634 1116 3696 ad
1140 3635 1281 3776 Zuictem

196 3728 402 3797 componeret.
444 3719 497 3782 Ibi
517 3732 582 3782 tum
601 3720 632 3781 ei
648 3719 802 3781 somnium
818 3742 850 3781 re
873 3718 1038 3801 quoddam
1064 3719 1138 3780 obtu
1158 3717 1197 3794 t,
1219 3736 1280 3797 quo

196 3798 267 3858 uiso
279 3796 349 3880 fuit
367 3808 582 3886 experrectus.
624 3802 708 3865 Mox
728 3794 802 3864 irinc
824 3816 855 3866 ct
870 3802 944 3864 inde
968 3822 1034 3863 rem
1055 3799 1283 3881 cogitabundus

196 3881 682 4051 ttztiffiatt'tttidt
700 3905 813 4032 titt
827 3882 1283 4050 ttt.tit⁰l”³‘r.ltl}‘tt

247 4034 251 4045 .
324 4008 333 4043 r
567 4034 571 4043 .
673 4011 686 4040 s
1011 4010 1021 4030 ·
1045 4034 1049 4043 .

159 4048 163 4055 ’
196 4048 251 4105 uir
273 4050 475 4112 auctoritatis
499 4063 529 4111 ct
552 4050 719 4112 doctrinae
739 4055 916 4126 maoeimae,
942 4053 992 4111 cui
1011 4066 1124 4112 nomen
1146 4044 1281 4108 Edeba·

199 4128 254 4207 les,
280 4150 411 4215 operum
433 4144 464 4195 et
487 4134 708 4216 prodigiorum
728 4133 922 4199 mirabilium
949 4133 1101 4219 effector,
1134 4133 1167 4193 in
1188 4150 1281 4214 quem
