2900 4676
402 303 459 371 tn
480 303 762 371 csnracuznnr
792 305 868 370 nn.
892 309 932 370 n.
1133 279 1214 382 481

138 455 243 537 gratia,
265 456 301 553 id
320 459 415 541 accipi
433 457 524 521 debet
545 459 584 520 ds
603 461 700 541 gestia«
715 468 912 556 etpotertate
932 458 1065 534 ordinis,
1090 482 1152 522 non
1175 461 1221 523 in·

137 537 336 600 ristlictioms:
357 562 419 622 qna
444 541 518 621 alios
539 541 606 603 aliis
623 563 686 604 esse
704 562 842 618 maiores,
865 553 983 603 certum
1005 553 1049 603 est
1070 554 1101 605 et
1127 544 1218 604 indn-

137 619 267 683 bitatmn
286 623 367 704 apud
396 645 499 686 omnes
527 625 622 702 tllos,
652 625 761 708 quibus
786 624 1002 689 ecclesiasticae
1029 624 1218 688 hierarchiae

138 704 249 785 gradus
269 708 414 787 perspecti
436 719 516 769 sunt.
538 729 680 801 capesse.
874 742 878 763 ι

218 789 299 869 Peg.
311 790 386 867 434,
402 791 455 866 24.
474 791 600 865 nissen
622 788 679 869 τῆς
699 786 820 869 δωρεᾶς
840 789 886 850 M.

222 871 299 950 Peg.
314 870 390 950 435,
411 894 437 932 r.
460 874 594 934 bonor
620 886 761 934 autem
782 894 831 934 ac
852 871 1041 955 splendor
1060 874 1218 937 sedium·
1264 932 1269 941 .

139 951 220 1013 Cum
239 952 311 1035 legis
332 954 480 1017 bonorem
503 954 751 1037 splendoremque
769 957 884 1018 sedium
905 958 1216 1038 penesimperatorern

138 1054 224 1111 esse,
256 1038 344 1118 eique
368 1038 459 1099 licere
479 1058 589 1118 parrae
611 1040 696 1099 urbis
713 1039 886 1122 episcopatu
906 1037 1032 1118 dignum
1053 1040 1216 1103 iudicatum

136 1117 177 1179 ad
200 1120 345 1180 maiorem
366 1119 549 1201 provehere,
575 1121 607 1183 id
621 1142 662 1181 ne
680 1123 811 1184 miraris.
843 1120 1007 1202 Postquam
1017 1124 1098 1182 enirn
1110 1123 1217 1186 Graeci
1237 1156 1241 1163 ·

137 1220 155 1258 e
174 1200 303 1263 Romani
319 1204 466 1284 pontilicis
488 1203 658 1265 obedientia
676 1225 709 1264 se
729 1205 952 1281 subtraxerunt,
974 1208 1076 1265 omnia
1088 1226 1143 1266 sno
1160 1208 1219 1266 im·

136 1284 268 1425 peccatori
289 1307 343 1366 per
366 1284 569 1347 adulationem
592 1285 782 1359 detulerunt,
804 1297 835 1350 et
854 1290 1000 1368 peningo
1021 1286 1081 1348 leni
1102 1299 1133 1349 et
1155 1287 1216 1350 levi

165 1387 291 1427 manae
309 1367 450 1431 ecclesiae
479 1369 647 1429 cervicibus
665 1371 728 1430 suis
761 1371 894 1432 ferreum
914 1369 1118 1431 adsciverunt.
1160 1371 1219 1432 Se·

136 1448 197 1509 mel
217 1451 304 1512 enisu.
329 1450 362 1512 in
390 1452 470 1511 hane
492 1453 678 1533 provinciam
699 1454 895 1533 imperatores
914 1451 1055 1527 admissi,
1082 1452 1160 1513 nihil
1184 1457 1217 1514 in

137 1527 363 1610 ecclesiasticos,
384 1535 478 1617 inque
495 1536 575 1616 ipsos
595 1535 780 1617 patriarchas
803 1536 859 1598 sibi
874 1554 934 1593 non
949 1537 1120 1616 permisere,
1133 1536 1217 1617 qnod

136 1620 284 1677 testamur
302 1626 348 1677 tot
376 1618 604 1679 constitutiones
624 1618 810 1679 Graecorum
826 1620 1042 1699 imperatorum
1064 1617 1103 1678 de
1126 1617 1218 1680 rebus

137 1693 341 1760 ecclesiasticis
371 1710 402 1760 et
436 1701 642 1761 commentarii
669 1700 855 1763 Bolsenmms
892 1703 925 1758 in
969 1700 1217 1762 Nnmocanonem

136 1776 239 1843 Photii
260 1792 291 1842 et
310 1785 342 1842 in
363 1804 491 1845 canones
512 1781 741 1857 Consiliorum,
762 1802 927 1864 omnesque
949 1780 1105 1861 historici,
1124 1796 1217 1866 quot-

139 1872 214 1941 quot
234 1874 302 1945 post
328 1876 434 1928 uatum
449 1866 605 1927 dissidium
629 1886 648 1926 a
669 1864 783 1927 hannis
803 1887 852 1928 res
880 1867 1079 1927 Graecanicas
1099 1865 1217 1928 littera·

135 1963 209 2005 rum,
225 1950 426 2009 monumentis
446 1947 706 2013 commendarunt.
729 1950 880 2028 Quocirca
901 1947 1050 2010 arbitratu
1070 1969 1126 2010 suo
1150 1952 1217 2031 epi·

134 2045 239 2107 scopas
260 2028 428 2109 ponebant,
458 2030 670 2112 deponebant,
693 2032 898 2113 reponebant,
915 2029 1161 2109 transferebant,
1186 2042 1217 2092 et

133 2109 166 2168 in
186 2110 335 2187 ordinem,
358 2116 475 2193 quoties
495 2112 663 2173 collibitum
683 2126 760 2193 erat,
782 2112 978 2195 redigebant:
1007 2112 1164 2196 privilegia
1186 2124 1217 2174 et

134 2192 347 2267 immunitates,
371 2194 474 2259 titulos
495 2207 525 2257 et
546 2195 706 2276 dignitates
728 2196 895 2278 angebant,
918 2194 1108 2273 minuebant,
1128 2195 1216 2256 tolle-
1333 2206 1337 2217 ·
1414 2160 1419 2175 ι
1447 2178 1448 2233 Ῑ

1 2342 9 2361 b
132 2274 229 2352 bant,
252 2277 445 2359 ipsarumque
464 2278 640 2339 dioeceseon
663 2277 738 2341 lines
758 2277 942 2359 ampliabant
977 2288 1030 2338 ant
1055 2278 1217 2340 conhabe-

134 2356 210 2418 bant
229 2358 467 2423 liberrime'siue
485 2359 577 2423 ullius
597 2369 682 2421 metu
703 2372 757 2421 aut
776 2361 959 2422 reverentia:
982 2361 1039 2442 ipsi
1076 2381 1114 2422 ue
1137 2361 1217 2422 Com

134 2440 414 2522 stantinopolitanae
435 2441 577 2505 ecclesiae
598 2442 785 2525 praesulibus
814 2445 953 2526 exiguum
973 2381 1216 2507 saneuhonorent

133 2522 306 2601 habebant3
328 2524 360 2584 id
380 2524 428 2585 vel
451 2525 524 2589 hine
544 2524 688 2608 colligas,
717 2525 820 2609 qnod,
847 2539 883 2588 ut
902 2526 1001 2607 inquit
1020 2527 1216 2588 innocentius

134 2609 240 2667 tertius
267 2628 333 2687 cap.
355 2606 468 2669 Solitas
488 2620 546 2672 ext.
574 2608 612 2669 de
632 2611 737 2677 maior.
772 2619 803 2672 et
824 2607 914 2671 obed.
943 2607 1012 2669 illos
1044 2611 1127 2670 iusta
1146 2632 1216 2671 sca-

90 2748 94 2757 ,
134 2688 358 2772 bellrtmpedrtm
372 2711 490 2752 suornm
504 2691 537 2751 in
551 2690 675 2752 sinistra
696 2706 788 2775 parte
803 2691 904 2752 sedere
924 2691 1153 2769 &esuriebant
1165 2705 1218 2754 aret

128 2773 360 2855 permittebant:
383 2794 459 2849 carn,
481 2783 516 2832 ut
535 2775 635 2854 inquit
655 2775 861 2852 Innocentius,
882 2770 941 2835 a'lt'r'
960 2795 1040 2855 reges
1053 2787 1083 2835 et
1096 2776 1218 2857 prinei-

130 2875 186 2937 pes
204 2857 470 2940 wnhieptscoptset
488 2856 631 2941 episcopis
649 2859 708 2916 ruis
729 2857 818 2937 (sinit
838 2856 961 2935 debent)
982 2870 1146 2918 reverentes
1163 2878 1218 2918 ns·

133 2952 258 3019 surgant
287 2953 316 2999 et
347 2939 390 2998 eir
413 2941 501 3001 ritrtn
526 2961 557 2999 se
584 2940 782 3000 venerabitem
808 2939 908 3001 sedem
933 2939 1090 3020 mstknent.
1134 2937 1218 3017 Quid

133 3021 216 3100 qnod
238 3032 268 3083 et
287 3021 487 3103 patriarchale
516 3021 628 3104 pedum
662 3042 716 3082 sen
736 3033 889 3106 sceptrum
916 3041 952 3082 ex
974 3042 1067 3082 manu
1087 3022 1219 3104 impera·

132 3105 204 3164 toris
240 3105 427 3187 accipiebant
463 3114 493 3165 et
513 3113 632 3165 mutum
662 3124 725 3165 uon
744 3106 784 3166 ab
812 3105 918 3167 iisdem
940 3104 1218 3166 consecrabantur?

134 3196 170 3246 nt
188 3184 313 3267 planum
346 3209 381 3249 ex
413 3184 617 3268 curopalate,
648 3191 702 3269 qui
734 3189 765 3249 in
786 3187 889 3250 libello
920 3186 958 3248 de
981 3185 1086 3248 officiis
1117 3184 1218 3248 Aulac

135 3268 502 3352 Constantinopolitanae,
523 3268 598 3348 napi
618 3267 840 3351 προβλὴσεωζ,
869 3270 907 3332 de
930 3270 1117 3352 patriarchae
1136 3269 1218 3331 desi·

133 3354 275 3432 guntione
294 3374 346 3414 sen
367 3354 596 3434 inauguratione
622 3352 662 3415 ab
683 3353 862 3435 imperatore
883 3354 946 3414 lieri
966 3351 1067 3430 solita,
1096 3354 1216 3434 copiose

132 3435 261 3496 scribit:
296 3457 386 3519 quem
405 3446 435 3497 et
455 3437 496 3496 ait
516 3435 671 3497 traditioni
692 3436 750 3497 roei
771 3433 944 3498 dtrnrtxt'ou
966 3456 1020 3496 seu
1038 3436 1147 3518 sceptri
1163 3456 1219 3517 pa·

132 3517 302 3580 triarchalis
325 3519 400 3580 haec
420 3517 553 3580 solennia
574 3518 666 3580 verba
688 3518 878 3580 adhibuisse:
910 3511 928 3600 ἢ
953 3513 1027 3597 ἁγία
1048 3512 1140 3597 τριὰς
1160 3513 1224 3578 teat·

132 3598 187 3678 τῆς
205 3601 281 3679 παρ’
302 3599 403 3682 αὐτῆς
433 3596 627 3682 δωρηθείσης
647 3598 724 3682 ἡμῖν
748 3599 912 3681 βασιλείοις
943 3591 1150 3680 προβάλλεται
1172 3599 1211 3661 σὺ

136 3676 380 3762 ἄρχιεπίσκοπον
402 3677 762 3757 Κωνσταντινουπόλεως
782 3684 855 3754 νέας
883 3673 1006 3761 Ῥώμης
1031 3675 1087 3741 irai
1113 3679 1218 3742 olscu-

22 3780 32 3791 ·
132 3760 260 3840 μενικὰν
280 3760 489 3845 πατριάρχην.
533 3767 580 3826 lta
605 3766 688 3849 quod
715 3767 893 3826 aRomano
914 3763 1053 3845 pontifice
1072 3774 1219 3846 tanquam

134 3846 175 3906 ab
194 3850 358 3910 universali
379 3847 491 3909 Christi
506 3849 619 3909 vicario
638 3858 851 3931 pastorumque
874 3858 992 3929 pastore
1008 3845 1219 3928 accipiendum

133 3940 224 4007 erat,
246 3935 378 4015 accipere
399 3932 494 3992 coacti
515 3942 585 3990 sunt
605 3931 659 4006 (in
679 3950 829 4011 poenam,
852 3931 973 4012 opinor,
995 3926 1116 3991 conflati
1137 3929 1219 3990 sehi-

133 4017 260 4091 srnatis)
274 4015 313 4075 ab
338 4013 580 4097 imperatoribus,
599 4013 652 4096 qui
673 4014 805 4092 dabant,
834 4012 916 4097 quod
939 4012 1012 4073 dare
1031 4012 1216 4094 nequibant:

134 4107 165 4159 et
187 4097 259 4179 quia
279 4097 317 4157 ad
337 4098 416 4160 ovile
437 4099 546 4159 reverti
566 4108 741 4170 rennerunt,
765 4097 864 4159 adhuc
886 4098 917 4155 in
934 4094 1022 4177 longe
1043 4095 1138 4177 magis
1157 4092 1219 4153 du·

134 4199 186 4243 ros
208 4188 239 4239 et
260 4182 388 4243 immites
406 4183 575 4244 initiatores
595 4179 767 4243 inciderunt
778 4226 789 4259 ,
817 4183 849 4243 in
871 4182 949 4263 ipsos
970 4181 1094 4260 inquam
1112 4186 1219 4253 nucu-

174 4300 386 4359 Cnrstacuserrur
406 4302 457 4359 ttt.
990 4304 1028 4381 δι’
