3020 4684
258 245 342 331 λου
653 276 933 347 mursensem

101 432 169 487 Aa).
182 438 248 504 ¹³54
257 429 387 513 ρέσχετο
413 431 470 516 τῆς
499 429 546 506 εἰς
568 428 663 497 adsis
683 433 827 517 εδνοίας,
854 435 1009 518 οδδεμὼν
1027 441 1094 505 κατ’
1103 440 1203 506 έκεῖνο
1221 442 1342 525 χρόνου

194 590 199 597 ,
256 526 396 604 δποστός
422 527 617 613 μεταβολήν,
643 529 735 617 ἡνίκα
758 537 814 599 καί
842 534 872 600 οἱ
899 533 1041 617 μάλιστα
1071 540 1233 616 δοκοῦντες
1253 533 1344 607 sivos
1387 548 1406 597 ⁴

254 622 336 693 εἶναι
357 632 558 713 ἐξηλέγχοντο
579 632 837 715 μεθαρμόζοντες
856 630 991 714 ἕαυτοός
1012 644 1078 713 τοῖς
1097 634 1264 725 πράγμασι
1287 643 1346 707 καί

157 736 318 809 Ηρῖτοῖς
340 734 646 814 aspernarentur
668 734 705 799 ti
728 731 869 800 οἷδόνατα
890 738 1134 820 ἰσχυριζομένου
1157 740 1267 819 ἀξιοῦν
1280 741 1343 805 αδ-

251 825 351 910 τοός,
375 829 429 914 (ου’
448 824 509 912 peip
531 829 631 894 αδτοῦ
654 823 737 897 εἶναι
756 830 796 899 τό
818 836 1023 922 ἐψηφισμένα
1043 838 1259 928 decepturum)
1289 845 1344 906 καί
1354 848 1374 909 5

252 925 432 1004 κελεύοντος
458 924 493 992 τό
530 930 685 1015 φροόριον
724 933 963 1019 παραδιδόναι,
996 933 1107 1023 καιρόν
1131 929 1234 1031 ,ᾔτουν
1263 937 1344 1025 πρός

253 1023 438 1110 διάσκεψιν,
471 1021 553 1092 ὥστε
574 1031 814 1112 βουλεύσασθαι
834 1034 888 1119 ἐφ’
902 1031 1054 1119 ἔαυτοός,
1085 1030 1148 1118 ό,τι
1168 1034 1343 1122 πράξαντες

251 1123 291 1190 τό
311 1121 452 1208 μάλιστα
474 1132 700 1199 λυσιτελοῦντα
719 1135 815 1219 σφίσι
835 1129 968 1212 δόξασιν
981 1136 1133 1222 ᾑρῆσθαι.
1173 1138 1342 1224 ἐπιτετρα-

253 1226 350 1313 φότος
381 1229 417 1294 δὲ
445 1229 501 1295 τοῦ
523 1231 701 1314 βασιλέως,
722 1233 757 1298 έν
778 1236 822 1321 τῷ
850 1238 907 1299 τοῦ
929 1237 1087 1321 φρουρίου
1107 1235 1264 1325 περιβόλῳ
1285 1262 1343 1301 κα-

250 1324 458 1411 ταλιπόντες,
479 1326 551 1394 όπεὶ
569 1328 659 1395 ἔνδον
674 1332 768 1399 αότοί
787 1336 844 1397 rosi
863 1329 986 1419 udpyov
1009 1326 1111 1419 ἦσαν,
1134 1333 1343 1417 ουνεβοόλευ·
1358 1357 1394 1399 so

251 1449 286 1491 εν
307 1425 416 1502 αότοῖς
449 1424 467 1493 δ
494 1425 622 1513 ἦμεμών
654 1424 771 1514 όρκους
799 1437 935 1513 βασιλέα
955 1428 1127 1518 ἀπαιτεῖν,
1150 1432 1194 1519 μή
1215 1439 1348 1516 βασιλεῖ

157 1610 161 1619 ,
249 1529 294 1615 spi
312 1529 374 1614 νέῳ
397 1524 431 1592 τό
455 1526 611 1614 φρούριον
630 1527 867 1616 παραδιδόναι,
896 1525 1004 1618 ἀλλ’ἢ
1027 1536 1163 1615 μένοντα
1198 1536 1343 1618 κατέχειν

251 1624 311 1688 σόν
333 1626 443 1703 αὐτοῖς
454 1680 464 1710 ,
485 1621 517 1712 ἢ,
538 1631 570 1694 εἷ
586 1627 634 1714 μή
654 1625 799 1711 βοόλοιτο
820 1631 913 1709 αόιός
934 1637 1189 1717 πολιορκεῖσθαι,
1211 1633 1342 1717 οἷναχω·

252 1731 319 1809 ρεῖν
340 1727 374 1791 έν
395 1729 569 1807 βασιλείοις
588 1727 645 1795 καί
664 1727 811 1814 πρέπειν
826 1725 885 1815 δ,τι
904 1723 943 1797 όν
966 1732 1060 1820 δοκῇ,
1091 1729 1209 1808 αότοός
1229 1734 1265 1798 δὲ
1285 1733 1342 1821 έᾷν

223 1821 307 1889 Βτόν
327 1822 405 1910 πρός
417 1827 620 1904 Βυζαντίους
637 1825 775 1910 πόλεμον
796 1832 971 1907 διοίσοντας
992 1830 1122 1918 ῥᾳδίως.
1161 1833 1193 1896 εί
1210 1833 1245 1897 δὲ
1264 1833 1342 1917 μηδ’
1357 1833 1393 1896 15

251 1921 404 2007 ὁπότερον
423 1923 524 1989 ἕλοιτο
536 1929 598 1991 τεόν
617 1928 810 2012 εἰρημένων,
831 1923 910 1993 <isto
934 1922 1098 2013 προῦργου
1117 1928 1234 2007 παντός
1253 1930 1342 2016 ἡγοῖ-

250 2047 286 2090 το
306 2022 344 2089 τό
366 2022 521 2110 φρούριον
538 2028 775 2111 παραδιδόναι,
798 2030 1047 2110 οἷποπέμπεσβαι
1069 2032 1126 2094 καί
1146 2026 1242 2095 αὐτόν
1249 2080 1259 2112 ,
1290 2023 1341 2114 ὅρ-

252 2148 319 2200 κοις
341 2124 494 2211 πρότερον
525 2130 786 2206 πιστωσαμένους
797 2178 808 2210 ,
842 2126 886 2203 ὥς
909 2126 1024 2192 αδδιδι
1045 2127 1156 2194 κακίαν
1179 2123 1342 2193 ου’δδπο-

252 2228 387 2291 στασίαν
412 2224 615 2310 ε’ννοήσαντες
644 2227 747 2291 ositeri
775 2230 909 2293 τοιαῦτα
940 2227 1058 2293 εἴλοντο
1065 2280 1075 2311 ,
1111 2229 1178 2294 ἀλλ’
1195 2227 1283 2319 adrui
1305 2251 1341 2292 τε

252 2328 397 2410 πρῶτον,
419 2322 530 2390 ἔπειτα
554 2329 609 2391 καί
627 2321 754 2403 ἑαυτοῖς
775 2327 815 2392 τό
840 2327 993 2412 κρότιστα
1015 2330 1267 2410 βεβουλευμένοι.
1301 2323 1393 2416 spi-20

254 2447 325 2490 οντο
354 2423 416 2510 χεὶρ
448 2423 545 2491 αὐτόν
577 2422 696 2517 όνόχκρ
726 2424 760 2493 τό
785 2430 843 2492 νόν
863 2425 938 2510 ἔχον
957 2425 1174 2514 παραδιδόντα
1199 2430 1242 2515 τῷ
1260 2452 1354 2511 pepe.

253 2529 340 2613 βρρλ,
363 2519 495 2610 ὕστερον
521 2525 633 2602 αὐτοῖς
652 2525 772 2612 πολλὴν
792 2523 931 2611 εἰδήσειν
942 2529 1042 2612 χάριν
1062 2530 1118 2591 καί
1144 2522 1345 2608 ἀμείψεσθαι

253 2630 385 2699 πολλαῖς
405 2623 601 2709 εὐεργεσίαις
612 2675 623 2706 ,
654 2618 702 2691 ότι
734 2630 789 2712 τῆς
817 2624 862 2702 εἷς
885 2620 982 2692 αότόν
1003 2627 1095 2692 ἕνεκα
1127 2626 1265 2711 εδνοίας,
1289 2623 1347 2691 καί

325 2739 350 2792 3.
369 2727 476 2793 amois
493 2735 531 2787 Μ.

166 2861 173 2866 ·
256 2834 304 2906 qui
326 2832 425 2901 perdiu
443 2844 505 2883 curn
523 2831 687 2899 imperatore
704 2838 845 2893 versatas,
869 2833 963 2885 multis
989 2848 1017 2886 sc
1034 2830 1165 2902 perieulis
1185 2830 1243 2881 eius
1261 2842 1346 2881 cansa

257 2905 415 2964 obiecisset.
450 2904 616 2959 militaverat
643 2905 716 2954 enim
741 2905 799 2965 iiii,
825 2904 936 2975 quando
966 2905 996 2955 iu
1015 2903 1147 2955 Triballis
1170 2918 1219 2970 per
1238 2899 1344 2951 bellurn

255 2975 431 3039 morabatur,
458 2980 487 3027 et
504 2972 599 3025 crebra
617 2988 682 3025 susc
703 2974 731 3023 in
759 2991 821 3025 cnm
839 2975 990 3026 voluntatis
1012 2973 1115 3024 iudicia
1142 2970 1270 3033 dederat,
1297 2970 1346 3019 ni-

257 3046 300 3099 hil
318 3054 383 3099 tune
400 3046 580 3107 inmutatus,
604 3042 715 3115 qnando
736 3046 818 3096 ctiam
837 3046 887 3115 qni
905 3043 1069 3098 ridebantur
1087 3041 1263 3103 amicissimi,
1282 3054 1346 3091 cum

254 3115 339 3170 robus
359 3123 388 3167 et
405 3113 576 3185 temporibus
595 3113 676 3165 iidem
694 3123 813 3166 mutasse
832 3112 995 3184 deprehensi
1008 3121 1078 3165 sunt
1115 3116 1284 3184 Imperatore
1302 3125 1347 3160 re-

254 3187 425 3256 spondente,
449 3201 542 3238 eorum
570 3186 733 3255 petitionem
755 3184 859 3257 expleri
885 3200 941 3238 noa
959 3200 1057 3256 posse,
1082 3181 1150 3254 (non
1172 3183 1246 3235 enim
1265 3195 1346 3232 suum

255 3273 333 3321 esse,
358 3256 442 3313 semel
469 3255 581 3309 decreta
606 3258 781 3327 retractare,)
810 3257 931 3308 insttnte
954 3273 1003 3320 ue,
1026 3262 1058 3307 ut
1075 3256 1165 3306 iocum
1186 3253 1345 3313 traderent,

254 3334 365 3396 tempus
388 3322 423 3378 ad
450 3325 660 3378 deliberandum
682 3326 854 3396 petiverunt,
880 3274 951 3397 qnid
973 3328 1147 3395 potissimum
1172 3324 1345 3395 inciperent,

253 3406 288 3449 nt
309 3398 362 3448 sibi
384 3411 465 3471 quarn
492 3414 507 3448 o
529 3398 596 3451 time
621 3397 792 3450 cousuluisse
809 3397 976 3450 viderentur.
1013 3396 1077 3519 {uo
1098 3410 1244 3456 concesso,
1263 3409 1296 3445 eo
1315 3393 1346 3442 in

254 3470 327 3519 atrio
345 3468 451 3530 relicto,
463 3414 608 3535 ipsfintta
627 3483 714 3519 arcem
733 3476 939 3520 convenerant:
957 3464 1008 3517 nbi
1047 3484 1082 3519 ux
1101 3475 1196 3518 auctor
1215 3464 1283 3527 snit,
1299 3462 1346 3512 iu·

253 3547 408 3592 ramentum
421 3538 456 3590 ab
471 3540 636 3608 imperatore
653 3547 815 3608 poscerent,
835 3538 995 3607 Palaeoiogo
1011 3554 1073 3590 eam
1090 3554 1146 3589 non
1164 3535 1346 3592 traditorum,

254 3617 285 3662 et
302 3618 334 3662 ut
353 3610 397 3661 vei
416 3626 477 3661 cum
497 3610 564 3679 ipsis
582 3617 723 3672 maneret,
746 3610 807 3672 rel,
830 3612 854 3661 εἰ
883 3609 1006 3662 obsideri
1027 3608 1131 3672 nollet,
1155 3610 1185 3660 in
1210 3602 1346 3675 palatium

253 3694 410 3750 regressos.
427 3680 541 3744 faceret,
564 3680 640 3752 quod
656 3678 782 3745 luberet3
802 3696 831 3731 se
851 3681 1043 3749 Byzantiorum
1064 3678 1119 3731 vim
1139 3693 1188 3748 pro
1210 3693 1244 3729 eo
1262 3672 1346 3727 ssciic

253 3752 425 3803 toleraturos.
462 3750 493 3802 si
517 3758 644 3804 neutrum
672 3752 802 3820 probaret
829 3760 857 3805 et
885 3765 985 3820 operae
1010 3751 1130 3817 pretium
1151 3748 1265 3800 duceret
1281 3759 1347 3813 pro·

253 3823 442 3893 pugnaculum
469 3819 583 3885 dedere,
609 3820 770 3875 dimissuros
796 3821 827 3873 id
852 3838 979 3892 qaoque,
1000 3821 1054 3872 fide
1070 3822 1147 3891 prins
1173 3834 1234 3870 eum
1255 3830 1347 3866 saera·
1500 3856 1501 3869 ,

255 3896 349 3945 mento
376 3901 499 3964 accepta,
528 3910 587 3945 non
611 3894 736 3963 ignaria,
762 3907 853 3966 neque
879 3893 954 3963 quod
982 3891 1150 3953 deficerent,
1178 3889 1208 3941 id
1236 3886 1348 3946 iecisse,
1372 3886 1375 3897 ¹
1428 3933 1431 3938 ,
1500 3914 1501 3919 =

255 3962 305 4014 sed
323 3969 354 4015 ut
372 3965 398 4014 ei
417 3966 555 4032 primum,
574 3962 677 4014 deinde
696 3961 809 4016 sibimet
827 3978 908 4034 quam
928 3964 1033 4031 optime
1050 3962 1247 4031 prospicerent.
1294 3957 1347 4005 Rc-

251 4031 354 4087 bantur
379 4034 471 4096 enim,
503 4031 554 4086 ubl
586 4034 616 4085 id
641 4034 807 4087 necessitate
832 4046 932 4103 genero
959 4030 1136 4095 tradidisset,
1166 4039 1262 4101 postea
1289 4025 1344 4079 sibi

254 4106 365 4173 gratiam
384 4105 499 4157 mssltam
519 4102 679 4155 habiturum
705 4104 855 4175 multisque
874 4105 979 4157 meritis
997 4108 1257 4171 compensaturum,
1270 4095 1347 4168 quod

252 4174 450 4235 benevolentia
467 4189 528 4246 erga
547 4191 595 4236 se,
618 4178 741 4245 quamvis
760 4176 859 4239 inriti,
877 4183 913 4227 ut·
927 4171 1193 4245 apparssisset,rsibi
1213 4172 1348 4223 monimo·-
