2900 4676
418 284 474 346 nn
511 280 791 348 mnasonem}
819 285 892 346 tn.
914 289 938 347 r.
1135 259 1221 371 439

223 442 292 519 Pap
312 439 383 515 252,
400 462 446 500 tt.
472 433 619 519 aptium
640 439 682 502 M.
702 458 758 522 pro
783 444 895 507 ποιεῖν.

223 524 297 602 Peg,
312 527 444 592 aiant.
467 512 550 592 εἶπες
572 523 614 585 Μ.
636 543 728 603 supra
748 522 870 591 lineam.

224 605 382 686 Pugnat,
401 626 428 665 1.
450 599 505 665 cdv
526 603 662 681 βασιλέα
683 606 724 665 Μ.

227 688 302 769 Pag.
313 687 386 762 253,
404 707 450 747 ta.
474 676 659 763 ἀμύνασθαι
679 687 725 754 Μ.

225 764 303 853 Pag.
318 768 429 849 2546.
447 763 579 834 adadd.
603 770 646 829 M.
667 789 758 853 supra
778 767 831 833 tin.
853 783 924 833 ente
943 766 1124 846 Βυζάντιον.

226 851 303 935 Peg.
316 852 426 929 255‚3.
447 850 492 925 εἰς
514 854 558 912 Μ.
584 864 613 914 et
635 852 655 915 l.
676 852 708 915 8.
733 850 845 914 εἵνεκα.

228 934 448 1020 Pag.255,1l,.
479 956 556 1020 per
585 937 762 997 hostilia
792 937 879 997 ioca
919 938 1088 997 inermes
1120 939 1222 999 ince-

144 1020 246 1082 dere.
289 1019 462 1101 iphicrates,
484 1017 713 1079 Atheniensium
744 1020 826 1097 dux,
847 1022 873 1079 si
893 1017 971 1079 bene
991 1022 1137 1099 memini,
1161 1026 1223 1081 aie·

144 1103 220 1179 bat,
244 1106 332 1163 etiam
352 1123 407 1185 per
437 1103 602 1163 amicorum
632 1105 784 1184 regionem
814 1103 983 1164 transeunti
1013 1114 1110 1163 castm
1142 1125 1224 1164 eom·

143 1186 326 1264 munienda3
348 1186 419 1267 quin
434 1182 572 1246 videlicet
593 1205 710 1267 semper
723 1197 767 1246 est
787 1187 901 1246 incerta
914 1186 1067 1256 securitas,
1085 1198 1224 1268 propter-

142 1290 178 1330 ea
209 1268 293 1350 quod
320 1266 406 1329 nulla
439 1277 484 1328 eat
515 1268 622 1328 animis
644 1279 724 1329 certa
754 1269 837 1333 fides.
891 1267 960 1329 Huc
989 1270 1061 1330 item
1095 1272 1225 1351 pertinet

77 1400 81 1411 .
143 1362 336 1434 praeceptum
357 1348 779 1434 Onosandrilib100ap.8.
803 1352 970 1433 Strategici.
1014 1354 1181 1434 imperator
1199 1353 1225 1413 si

144 1437 176 1495 in
203 1434 303 1494 hostili
325 1432 390 1495 eolo
407 1442 504 1495 castra
527 1444 629 1516 ponat,
652 1437 754 1495 statim
774 1432 856 1495 vallo
885 1433 1027 1516 fossaque
1051 1445 1163 1517 cingat,
1184 1432 1224 1495 li-

145 1528 193 1577 cet
214 1515 258 1577 ibi
280 1517 317 1578 ad
340 1516 432 1579 breve
452 1528 571 1599 tempus
593 1517 748 1583 considere
767 1516 911 1580 voluerit.
957 1519 1039 1578 Haec
1067 1518 1149 1577 enim
1172 1539 1224 1578 ca-

143 1601 266 1661 str'eusis
287 1601 364 1661 ratio
384 1594 538 1682 nunqnam
561 1601 740 1683 poenitenda
773 1616 956 1683 semperque
983 1612 1055 1660 tnta¹
1082 1599 1226 1661 adversus

143 1684 314 1766 repentinas
338 1693 367 1744 et
387 1685 563 1765 improvisas
583 1686 776 1765 irruptiones.
819 1682 952 1745 Collocet
972 1686 1061 1743 etiam
1075 1682 1227 1744 custodias

145 1787 180 1826 ac
200 1766 410 1847 speculatores,
437 1768 522 1850 quasi
539 1787 635 1851 prope
657 1766 756 1828 adsint
774 1765 887 1843 hostes,
909 1768 966 1830 etsi
983 1765 1104 1850 longius
1121 1765 1225 1828 abesse

141 1859 237 1930 putet.
263 1868 391 1916 ronrsa.
561 1862 569 1874 ·

135 1932 138 1939 ’
225 1930 302 2012 Pag.
316 1930 388 2009 256,
403 1929 433 1992 5.
461 1923 612 2008 destitit
636 1932 682 1993 Μ.
1065 1966 1067 1971 -

226 2011 386 2094 Papafifi,
407 2035 451 2095 17·
473 2015 511 2075 in
539 2014 839 2077 Lontbcrdiam.
881 2014 914 2076 Si
935 2014 1045 2096 placet,
1069 2013 1144 2075 audi
1165 2014 1227 2077 hnc

145 2092 183 2155 de
204 2095 437 2158 rescribentem
458 2098 625 2177 Gregoram
646 2096 701 2160 tib.
713 2099 743 2162 6.
765 2110 797 2159 in
817 2096 900 2158 hunc
921 2098 1064 2158 modum:
1106 2096 1228 2158 Sedete

141 2200 192 2262 spe
205 2180 358 2259 fenestrata
372 2179 497 2256 (Irene)
522 2180 720 2259 Theodotum,
736 2183 862 2242 aiterum
873 2179 993 2266 fittitm,
1015 2200 1081 2239 crim
1098 2183 1228 2263 peatnia

144 2263 284 2321 maxima
304 2263 336 2322 in
353 2265 490 2347 patriam
512 2282 598 2325 attam
624 2262 839 2323 Lombardiam
858 2263 967 2323 mittit.-
999 2264 1106 2323 malta't
1122 2265 1226 2342 enim,

142 2356 175 2404 at
197 2343 374 2405 Latinorum
393 2348 438 2406 ibi
457 2345 627 2426 relt‘giortem
646 2347 755 2406 coleret
780 2359 810 2406 et
835 2365 962 2430 peregre
984 2348 1097 2406 menore
1122 2345 1223 2426 digna-

137 2432 201 2487 'tate
227 2439 307 2503 esset,
334 2449 423 2512 qttam
448 2441 481 2488 ut
497 2429 584 2489 domi
601 2427 734 2501 illustris,
756 2431 853 2490 inut‘sn
869 2430 1017 2512 priuigno
1039 2428 1227 2507 (Attdronico

137 2509 275 2588 'ituit'ori,
296 2513 350 2595 qni
369 2512 424 2570 avi
442 2511 585 2595 suifitius
604 2511 687 2571 toties
716 2513 907 2595 appellantr‚)
932 2513 1051 2596 'eiusque
1069 2512 1225 2594 posteritas

142 2593 226 2652 illins
241 2594 409 2677 posteritati
435 2595 564 2657 serviret.
605 2593 701 2680 Atque
720 2598 763 2655 ita
780 2596 908 2656 incitata
929 2614 1018 2655 snam
1035 2594 1226 2677 cupiditatem

142 2677 175 2734 in
196 2697 254 2736 nno
275 2675 470 2759 sattemffltb,
493 2676 646 2738 Theotimo
657 2677 842 2750 Marchione,
860 2678 1004 2761 expleuit.
1046 2675 1226 2738 Panioante

142 2756 286 2839 Spinuiae
308 2758 464 2819 cniusdam
487 2759 653 2820 Ganuensis
672 2759 765 2820 filiam
785 2763 898 2843 cepisse
916 2780 1042 2833 uxorem
1056 2760 1141 2837 dicit,
1162 2781 1226 2819 non

141 2860 270 2923 magnac
292 2844 477 2903 auctoritatis
503 2853 556 2902 aut
576 2842 740 2915 nobilitatis
761 2844 830 2905 viri.
871 2843 989 2903 Latinis
1017 2845 1097 2903 enim
1115 2841 1223 2902 nobili-

143 2924 195 2985 bus
218 2924 383 3005 itaudsere
399 2925 497 2985 studio
516 2939 558 2987 cst
581 2946 647 2986 cum
667 2927 820 3004 Ructatur,
836 2928 928 2988 imaro
940 2947 978 2986 ne
991 2945 1057 2986 cum
1074 2926 1146 3007 ipsis
1157 2926 1226 3022 qni-

141 3006 212 3066 dem
230 3008 453 3092 inperatoribus
473 3004 636 3087 affinitates
662 3010 791 3090 iungere.
843 3011 925 3072 Nam
953 3030 1006 3071 nec
1030 3009 1114 3092 ipsa,
1136 3027 1164 3066 ⁸2
1187 3008 1226 3067 t'l·

140 3078 228 3149 toiri
247 3104 320 3151 nata
336 3106 440 3171 genere
454 3093 583 3171 finiret,
618 3091 752 3152 Roman
768 3094 871 3173 facile
895 3090 1048 3175 nupsisset.
1090 3089 1150 3151 Sed
1177 3110 1227 3150 re·

141 3172 242 3234 tutam
275 3175 442 3256 Gregoram
465 3174 549 3235 ducis
577 3175 821 3236 Braunsvicensis
847 3186 877 3236 et
911 3174 1081 3235 Sabaudiae
1106 3174 1226 3234 comitis

141 3254 241 3335 filiae,
272 3276 351 3341 quae
385 3257 492 3318 ambae
521 3278 591 3318 cnm
621 3256 797 3318 Andronico
817 3260 934 3319 iuniore
953 3268 1066 3340 nuptae
1089 3256 1223 3316 fuerunt.

142 3339 185 3399 Et
208 3358 273 3421 cap.
291 3341 341 3415 do.
362 3338 539 3416 ostenditur,
557 3352 743 3423 quantopere
764 3340 857 3402 irater
878 3340 987 3401 Annae
1006 3341 1044 3401 de
1068 3339 1126 3400 hoc
1160 3360 1226 3399 mn-

142 3421 286 3484 trimonio
302 3422 429 3485 laetatus
446 3425 497 3500 sit,
518 3434 763 3508 quantopereque
793 3444 929 3486 sororem
949 3424 1062 3486 idcirco
1089 3422 1225 3484 bonora-

143 3507 194 3566 tit.
217 3526 347 3568 rostras.

147 3586 149 3591 ’
224 3586 612 3729 Pag.a5g‚6.Marcus
634 3589 808 3676 qnidam.
845 3590 952 3652 Multo
965 3587 1158 3650 inhumanius
1174 3586 1226 3649 ba·
1261 3583 1268 3591 ’

142 3668 239 3732 bitum
263 3672 337 3733 dicit
381 3692 511 3755 segnius.
553 3673 618 3735 Sed
630 3695 722 3757 neque
747 3675 830 3757 ipse,
853 3694 945 3757 neque
965 3671 1057 3732 verba
1077 3673 1142 3732 eius
1162 3670 1227 3732 aila

142 3774 185 3812 ex
204 3769 291 3836 pane
310 3754 550 3830 admittebantur,
584 3755 638 3817 sed
656 3768 685 3816 et
708 3756 858 3840 lapidibus
880 3776 1007 3838 supertes
1029 3755 1071 3815 ab
1094 3755 1148 3831 iis,
1174 3756 1228 3841 qui

140 3839 364 3919 propaginatio
388 3839 535 3902 mucidum
567 3838 742 3908 tuebantur,
762 3838 950 3919 fiqabanu:
981 3840 1037 3936 qui
1053 3860 1091 3899 ne
1121 3860 1226 3900 nocem

143 3920 263 4001 qutiiem
282 3924 341 3982 citu
349 3920 511 4003 sinebant,
534 3942 559 3980 et
619 3943 654 3981 uc
672 3922 887 3982 contumeltirsit
916 3920 1003 3982 dt'ctts
1032 3905 1153 4006 impune
1175 3922 1226 3980 in·

142 4004 307 4065 cessebaru:
328 4018 357 4066 et
373 3942 790 4087 igrtominiosemiiimittebant,
806 4005 877 4067 dolo
889 4004 1013 4089 pienatn
1035 4026 1095 4068 esse
1117 4013 1146 4066 et
1171 4020 1224 4064 co-

142 4086 362 4163 gitationenret
381 4090 544 4152 orationem
560 4090 621 4147 eius
638 4088 787 4150 dictantes.
811 4106 945 4159 rottrstt.

226 4167 391 4256 Pa30257,
404 4193 434 4255 7.
462 4166 529 4246 υἱὸς
549 4169 618 4233 add.
639 4171 684 4232 M.
706 4183 775 4254 post
797 4163 923 4252 stota.
