2900 4676
243 236 332 348 496
623 258 933 327 moestuosos

244 417 418 480 Andronico
444 418 574 496 simron,
606 419 792 516 commissis
810 438 830 477 a
852 417 1016 515 'Benedicta
1037 416 1119 479 XII.
1146 416 1317 481 &nemet-

242 502 1057 668 tttltlttt‘ttctwttmffl
1068 498 1318 645 ibiibi&

243 669 401 730 manacta
435 667 565 726 Calaber
588 665 869 749 &ueteranopolim
893 669 1053 749 prefectus,
1078 669 1215 727 harmain
1237 668 1319 727 banc

245 750 473 811 Graecanicam
496 750 667 810 tribueretis
682 750 769 808 arnas
782 748 900 831 publice
921 751 1101 830 exagitavit,
1128 750 1244 809 rcemim
1268 770 1317 809 re·

242 836 372 908 sistente,
404 832 497 892 donec
524 832 697 892 Palamam
716 830 878 916 quemdam
900 831 1015 892 Graeci
1042 833 1090 891 illi
1116 846 1317 915 opponerem.-

262 937 328 976 nem
352 934 420 975 cnm
446 935 489 976 ex
513 917 630 999 scriptis
650 917 710 975 eim
730 916 907 974 haerebam
937 916 1084 975 twmtem
1100 937 1175 990 esse,
1203 914 1236 973 irc
1256 936 1320 998 pn·

241 939 319 1059 blico
340 1017 491 1072 consessu,
511 999 562 1057 cui
582 1011 611 1058 ct
632 999 793 1081 imperator
814 999 973 1076 interfiat,
993 997 1124 1081 probare
1141 997 1250 1071 vellet,
1279 999 1320 1057 ah

240 1082 375 1142 omnibus
388 1101 430 1141 ex
451 1080 549 1155 Iasus,
585 1080 692 1143 audiri
723 1100 784 1140 non
803 1081 913 1162 potuit.
956 1080 1104 1141 Hactenus
1123 1078 1184 1141 ille.
1225 1080 1322 1157 Quod

241 1174 344 1226 autem
367 1162 407 1223 ita
426 1102 568 1223 lhudatur
588 1162 726 1224 Palamas
746 1172 777 1221 et
798 1162 983 1243 vituperatur
1002 1162 1195 1238 Barlaamus,
1231 1164 1332 1243 igno-a

209 1268 212 1275 ’
244 1247 389 1308 scendum
409 1256 465 1323 est,
484 1247 565 1306 iuxta
583 1245 671 1322 illud,
692 1243 944 1306 DoribusDorice
964 1244 1047 1326 loqui
1068 1247 1112 1306 ias
1132 1257 1186 1311 est.
1217 1243 1322 1305 Prae-

243 1341 326 1390 terea
348 1349 409 1389 non
430 1328 742 1410 Constantinopolim,
770 1327 822 1388 sed
841 1326 1085 1390 Thessalonicam
1110 1332 1247 1411 primum
1266 1350 1324 1390 ve-

244 1416 322 1475 nisse
341 1410 532 1473 barlaamum
556 1433 590 1473 ex
611 1422 715 1472 nostro
736 1410 840 1492 liquet.
862 1430 991 1481 enarer.

325 1498 404 1575 rag.
419 1493 490 1572 545,
506 1516 552 1561 η.
576 1490 741 1556 ἆπεδεΙκνυ
761 1495 806 1561 Μ.

326 1577 484 1659 Patro,
499 1600 545 1661 ¹7·
564 1577 622 1640 τοῦ
643 1578 688 1638 Μ.
711 1598 800 1658 supra
821 1574 876 1640 iin.
896 1589 965 1639 ante
983 1569 1154 1656 patrea

324 1662 401 1742 Peg.
415 1661 547 1739 5422&
568 1660 750 1740 μαθητειῶν
771 1661 816 1721 Μ.
838 1661 877 1722 ab
897 1660 991 1723 altera
1010 1680 1113 1721 manu.

325 1742 404 1823 Pag.
417 1741 488 1820 544,
507 1765 553 1810 11.
573 1741 627 1803 tm·
645 1744 688 1806 M.
711 1764 772 1824 mg.
791 1764 848 1825 pro
868 1739 960 1806 κατὰ.

324 1824 863 1907 Pag.5tt,18.Marsattan0s.
914 1820 1085 1888 Massaliani
1117 1845 1171 1887 seu
1207 1826 1326 1891 Messa·

243 1910 315 1972 liani
336 1909 394 1969 sub
414 1909 535 1973 Valent.
555 1910 734 1990 imperatore
757 1920 788 1969 et
807 1910 939 1970 Damaso
962 1908 1099 1990 pontifice
1118 1909 1201 1984 nati,
1232 1913 1326 1972 circi·

243 2004 290 2054 ter
310 2014 423 2053 aunum
444 1992 570 2053 Domini
591 1992 674 2067 380,
691 2002 715 2051 'a
735 1991 916 2072 quibusdam
940 1993 1012 2054 dicti
1031 1990 1190 2069 Euchitae,
1213 1993 1245 2054 id
1267 2006 1325 2073 est,

243 2088 372 2151 orantes,
394 2097 413 2136 a
434 2073 588 2136 nonnullis
607 2074 829 2152 Enthusiastae,
851 2074 883 2135 id
904 2087 959 2153 est,
978 2075 1102 2135 numine
1121 2076 1225 2149 afflati,
1248 2077 1326 2138 dae·

241 2181 332 2221 mone
350 2158 499 2221 videlicet.
539 2156 698 2239 Negabant
719 2159 833 2218 animos
853 2161 948 2219 creari
968 2180 987 2219 a
1004 2158 1080 2218 Deo.
1119 2156 1240 2220 Nullam
1265 2161 1325 2221 bu-

242 2248 352 2326 ptismo
371 2245 514 2303 virtutem
535 2240 719 2301 tribuebant.
759 2241 980 2303 Eucharistiam
1000 2240 1147 2301 docebant
1166 2262 1223 2302 nec
1248 2265 1325 2325 pro-

242 2327 328 2387 desse
348 2326 473 2397 bamini,
496 2345 552 2385 nec
573 2324 687 2390 obesse.
728 2323 879 2389 Laborem
895 2345 1038 2385 manuum
1052 2335 1087 2384 ut
1102 2323 1214 2385 malum
1228 2347 1324 2387 aver·

243 2411 395 2475 sahantur.
435 2409 548 2468 Somno
568 2406 763 2488 indulgebant
791 2419 822 2469 et
841 2411 956 2471 mmnia
981 2427 1036 2468 sua
1062 2407 1234 2489 prophetias
1264 2431 1323 2491 ap-

242 2491 407 2573 pellabant.
445 2489 526 2551 Vide
545 2489 770 2552 Theodoretum
788 2489 844 2551 lib.
866 2491 897 2567 ti.
921 2512 988 2572 cap.
1012 2496 1063 2550 ¹11.
1092 2489 1234 2551 historiae
1255 2492 1324 2553 Ee·

242 2573 442 2648 clesiastieae,
464 2573 669 2655 Nicephorum
692 2573 803 2634 libai.
825 2594 889 2655 cap.
910 2572 968 2652 14„
990 2572 1160 2637 Cedrenum
1180 2576 1212 2635 in
1233 2575 1323 2636 Cou-

242 2660 395 2732 stantino,
418 2655 620 2737 Augustinum
640 2654 692 2716 lib.
714 2655 752 2715 de
773 2656 889 2717 haeres.
912 2654 1006 2738 cap.5
1028 2697 1037 2715 .
1058 2676 1184 2723 enarra.

325 2737 482 2821 Paphii,
497 2759 542 2822 ¹9·
575 2738 956 2825 Omphalopsyclros.
1005 2677 1164 2799 huistimat
1196 2739 1325 2801 Gretse·

240 2843 294 2885 ms
314 2834 428 2895 noster,
441 2822 629 2883 barlaamum
651 2842 772 2883 vocasse
792 2822 847 2884 hos
870 2820 1033 2883 monachos
1054 2815 1323 2902 ὄμφαλοψὺχους,

243 2906 281 2968 ad
301 2906 428 2967 verbum
450 2906 717 2983 umbilicorum,
738 2905 808 2988 quia
830 2926 881 2967 eos
901 2914 936 2965 ut
954 2904 1053 2967 venui
1076 2902 1192 2965 deditos
1212 2917 1325 2968 notare

242 2987 750 3134 tttfflltttvlttsttt
764 2987 1233 3132 ttbttttttttttt
1244 3011 1255 3050 ²
1268 3011 1325 3132 οῖ’

241 3094 550 3238 thodoioihppeltare
570 3154 684 3215 solebat
696 3154 863 3237 psychicos,
878 3152 1033 3229 animales,
1049 3114 1253 3234 voidptuario’s
1263 3167 1325 3223 etc.

241 3237 289 3297 Ut
313 3233 543 3320 ὄμφαλόψυχοι
562 3240 622 3298 sint
648 3238 835 3319 gastrimargi
854 3258 928 3313 seu,
953 3247 987 3297 ut
1008 3235 1173 3315 Apostolus
1192 3238 1325 3299 Creten-

243 3340 289 3381 ses
308 3331 410 3393 vocat,
432 3318 579 3396 γαστέρες
599 3316 705 3399 cipyai,
717 3334 832 3381 ventres
847 3321 944 3404 pigri.
983 3319 1025 3380 Et
1037 3318 1221 3400 Nicephorus
1242 3322 1325 3382 Gre-

243 3422 330 3484 goras
351 3401 499 3461 Barlaami
520 3401 654 3480 partibus
678 3413 778 3483 postea
802 3403 938 3475 studens,
959 3403 991 3463 in
1011 3401 1131 3462 eosdem
1144 3401 1327 3481 monachos,

243 3496 280 3545 ut
299 3482 440 3566 crapulae
461 3493 492 3543 et
511 3481 691 3544 vinolentiae
710 3483 838 3559 deditos,
860 3485 968 3545 acerbe
988 3485 1123 3547 invectus
1144 3496 1199 3559 est,
1221 3497 1258 3547 ut
1280 3485 1326 3547 ti·

242 3567 301 3629 bro
347 3578 433 3628 uarto
454 3564 678 3629 Cantacuzenus
699 3567 812 3629 scribit.
833 3587 964 3634 norrea.

325 3591 549 3731 i'ag.545,13.
576 3648 802 3711 Nazaraei.
844 3652 1046 3712 Monasticum
1067 3649 1207 3715 habitum
1227 3671 1328 3730 supra

244 3731 454 3796 indumentum
475 3732 694 3795 Nazaraeorum
714 3732 875 3815 appellavit
898 3743 928 3794 et
961 3755 1043 3796 nunc
1072 3733 1235 3794 monachos
1258 3734 1326 3794 Na-

243 3837 364 3877 zaraeos
385 3816 532 3888 nominat,
556 3825 678 3896 propter
699 3815 926 3877 similitudinem
941 3820 1021 3879 vitae
1035 3837 1223 3899 morumque.
1259 3819 1328 3878 Lex

244 3910 345 3960 autem
366 3899 586 3969 Nazaraoorum
607 3897 681 3959 haec
704 3909 766 3975 est,
789 3899 993 3961 Numerorum
1020 3921 1085 3982 cap.
1106 3899 1136 3966 6.
1178 3899 1243 3961 Vir
1256 3905 1329 3961 sine

247 3983 376 4058 molier,
403 4004 469 4043 eran
479 3982 616 4061 fecerint
632 3995 754 4056 votum,
784 3996 817 4043 ut
837 3983 1053 4067 smmuficcntur
1070 3997 1099 4043 et
1119 4004 1151 4043 se
1169 3983 1332 4044 oohoera'at

245 4064 366 4126 donuae
388 4083 576 4138 consecrare,
606 4083 627 4123 a
642 4067 713 4124 vura
733 4079 761 4125 et
786 4067 879 4142 omni,
901 4067 984 4149 qnod
1001 4066 1147 4126 inebriare
1161 4079 1271 4149 potest,
1288 4087 1334 4125 ae

243 4146 434 4212 abstrirebttat.
475 4144 597 4211 aarum
629 4167 671 4209 ea
691 4148 761 4209 varo
781 4161 811 4208 et
836 4167 879 4211 ex
897 4148 962 4208 alia
976 4149 1108 4233 quatita
1134 4149 1258 4233 potione
1289 4162 1331 4217 et
