2908 4678
439 317 506 401 su
536 266 1008 408 mortuummare.
1188 291 1279 391 563.

179 491 232 541 rec
250 464 382 556 iusignia
401 469 434 532 lo
455 466 570 549 vexillls
589 468 769 554 praeferret,
790 490 861 531 cum
883 469 1010 533 Venetis
1031 469 1070 535 sd
1091 470 1271 558 §peragrata

179 553 328 633 insulam,
349 576 428 638 quae
448 553 621 637 Sapientiae
642 574 753 616 nomen
774 553 881 634 habet,
900 565 1007 616 contra
1029 555 1195 619 Mmhonen
1216 581 1270 619 us·

178 637 240 720 que
260 640 338 701 adeo
369 640 479 700 acriter
499 648 529 703 et
557 637 685 701 feliciter
712 635 865 712 condixit,
899 648 936 709 ut
957 636 1109 716 debellate
1136 640 1271 704 hostium

176 722 282 802 classe,
303 720 444 783 Nicolaus
452 720 594 798 Pisanus,
614 723 668 803 qui
687 719 805 783 Sardoo
821 724 854 781 in
874 723 952 783 mari
974 721 1090 784 cladum
1111 722 1266 798 intulerat,

177 826 250 868 cum
265 807 403 890 quinque
423 804 558 867 millibus
576 805 766 867 Venetorum
784 803 917 877 militurn
931 815 1047 887 captus,
1072 808 1210 867 Genuam
1232 812 1265 870 in

176 888 365 972 triumphum
387 889 558 953 duceretur.
600 890 774 951 Genuensos
806 899 911 951 entem
930 888 1050 951 libernti
1067 909 1126 970 ope
1146 892 1269 956 loannis

178 993 211 1034 se
231 973 357 1038 victorie
376 975 489 1055 potitos
509 983 597 1055 grato
617 975 720 1035 animo
741 971 937 1045 confitentes,
961 993 1044 1033 novo
1073 973 1195 1036 decreto
1214 976 1270 1036 de-

177 1048 259 1119 ditae
277 1058 408 1121 civitatis
429 1058 509 1134 iure,
530 1077 608 1139 quae
631 1056 753 1119 loannis
771 1066 870 1116 morte
893 1055 1072 1135 linirentur,
1103 1057 1143 1121 ed
1160 1056 1269 1119 Galen-

141 1138 143 1141 ’
178 1140 259 1203 cium
287 1143 401 1223 pariter
425 1152 457 1203 et
479 1141 651 1205 Bernabam
677 1136 916 1213 nandulemut:
946 1140 988 1201 ita
1012 1149 1047 1199 ut
1065 1142 1154 1203 toties
1173 1143 1268 1223 Ligu-

176 1225 242 1287 riee
261 1225 352 1285 urbes
373 1245 393 1285 a
412 1223 513 1286 Corvo
530 1224 665 1289 Lunensi
683 1224 894 1306 promontorio
913 1222 953 1285 ed
971 1221 1110 1285 Herculis
1131 1225 1268 1287 Moeneci

220 1318 301 1368 rtum
328 1307 551 1369 Vicecomitnm
576 1309 703 1389 imperio
732 1305 947 1369 subderentur.
1005 1306 1086 1369 Vide
1114 1321 1269 1390 praeterea

206 1392 262 1452 etri
290 1391 394 1453 Bizari'
416 1392 587 1457 Genueoeis
614 1392 760 1455 historiae
790 1389 846 1452 lib.
862 1389 893 1453 6.
927 1390 1011 1455 haud
1031 1391 1139 1474 procrd
1159 1413 1177 1453 a
1198 1393 1270 1455 line.

263 1550 486 1639 Peg.25d,sr.
509 1578 632 1620 cerret
650 1557 703 1621 ud
719 1557 946 1623 cenandum
970 1571 1009 1618 et
1031 1579 1160 1643 equos.
1195 1558 1267 1619 Stu-

100 1712 106 1723 ,
179 1637 231 1702 dia
250 1640 409 1720 iuvenilia,
430 1644 536 1705 veneri
556 1654 588 1703 et
607 1642 752 1724 equitare.
793 1643 898 1703 Horet-
923 1644 955 1707 io
972 1642 1077 1708 Post:
1120 1641 1275 1705 Imberhir

179 1725 297 1785 ιὀοοοίο
313 1726 434 1789 tandem
452 1725 568 1788 ootode
580 1716 816 1806 remoto'gaadet
829 1726 912 1809 equis
924 1726 1113 1808 canibusque.
1140 1725 1266 1786 Terent.

179 1806 317 1870 Andria:
362 1810 452 1893 Quod
491 1810 606 1892 lempse
627 1830 727 1871 omnes
744 1810 872 1888 faciunt
890 1806 1117 1885 adolescenti,
1151 1821 1184 1870 ut
1200 1811 1269 1869 arii·

179 1910 261 1952 ouem
279 1891 326 1952 a'd
341 1832 618 1977 supersedium
639 1892 824 1973 adingam,
855 1905 912 1952 aut
933 1912 1022 1978 equor
1044 1892 1128 1952 alere
1149 1906 1200 1952 auc
1215 1915 1268 1952 ca-

180 1995 232 2035 nes
261 1974 310 2035 ad
339 1976 522 2049 cenandum.
571 1974 725 2039 Adrianus
754 1978 934 2056 imperator,
966 1984 1002 2034 ut
1033 1986 1139 2034 auctor
1169 1987 1213 2036 cst
1235 1976 1268 2037 in

178 2056 243 2117 eius
263 2059 327 2119 vita
346 2057 537 2140 Spartianus,
559 2080 656 2141 equos
674 2068 705 2131 et
724 2079 814 2121 canes
835 2060 878 2118 sic
898 2058 1023 2133 amavit,
1045 2067 1080 2117 ut
1102 2059 1145 2121 eis
1167 2057 1269 2140 sepul-

177 2159 231 2201 cra
251 2141 458 2203 constitueret.
481 2162 613 2204 rorrru.
975 2142 979 2157 '
1117 2170 1120 2177 ·

261 2224 428 2305 Pag.c5d‚
453 2245 483 2285 ο.
505 2246 582 2309 per
614 2224 657 2287 td
685 2212 837 2308 teinpus
865 2221 984 2285 modo.
1032 2220 1131 2303 Supra
1165 2221 1220 2284 lib.
1235 2225 1267 2285 ὅ.

180 2325 248 2386 cap.
265 2307 317 2391 95.
336 2307 532 2371 Theodorum
559 2307 652 2371 liliam
684 2307 821 2369 Orcheni
851 2307 971 2369 Torone
997 2304 1176 2387 desponsam
1199 2307 1268 2367 leu-

179 2389 282 2465 dovit,
303 2410 386 2453 nurse
405 2389 555 2459 Helenam
575 2389 750 2472 Peleeologi
778 2392 947 2471 coniugem.
990 2391 1122 2451 Mariam
1146 2392 1269 2451 tertiam

180 2470 275 2533 lilium
306 2472 470 2555 Nicephori
503 2475 645 2558 despotee
679 2495 805 2535 uxorem
835 2473 971 2536 laudabit
1005 2473 1084 2533 infre
1119 2494 1183 2556 cap.
1214 2474 1267 2552 43.

179 2574 311 2619 rorrsr.

186 2628 191 2639 ¹
264 2637 492 2723 Puffindfflp.
523 2642 805 2724 imperatorem
835 2640 1022 2721 designet.
1062 2638 1150 2701 Idem
1176 2661 1270 2723 supra

177 2721 337 2806 petebatur
357 2721 415 2783 hoc
435 2721 517 2785 libro
535 2735 564 2784 et
589 2723 727 2805 negabat.
770 2724 828 2785 Hic
858 2722 947 2785 aliter
972 2725 1083 2799 sentit;
1116 2723 1193 2785 nihil
1218 2735 1270 2785 ta·

179 2827 263 2881 men,
283 2816 320 2867 ut
339 2809 373 2869 in
392 2827 429 2879 re
447 2810 570 2869 maximi
594 2809 765 2885 momenti,
790 2819 904 2869 temere
935 2807 1132 2868 statuendum
1154 2817 1267 2873 censet.

180 2910 313 2953 rostras.
1247 2941 1254 2949 .

264 2969 499 3057 Pag.253,17.
528 2973 627 3058 quid
653 2973 825 3056 imperio
848 2973 990 3040 maius.
1030 2971 1083 3034 Ad
1111 2971 1266 3034 Nicoclem

180 3056 349 3118 Isocrates:
365 3054 512 3133 dorostolo
526 3056 590 3117 τοῖν
609 3048 819 3136 ἀνθρωπίνων
834 3048 1029 3137 πραγμάτων
1037 3052 1186 3138 μέγιστόν
1202 3055 1269 3116 ἐστι

180 3139 238 3213 καί
254 3138 395 3212 πλείονος
418 3137 565 3220 προνοίας
586 3135 742 3214 δεόμενον.
767 3160 898 3203 sorren.
1223 3176 1227 3183 ν

266 3219 498 3305 Peg.298‚18.
530 3225 720 3302 magister
746 3236 782 3284 et
812 3222 893 3285 dua:
922 3223 1092 3301 erroris,
1130 3220 1269 3284 Mado-

180 3320 329 3380 metus,
367 3307 484 3389 plane
511 3306 609 3389 ipsis
637 3308 854 3389 persuasit.
902 3306 970 3371 Nou
999 3305 1268 3368 nominatMaho-

181 3401 298 3451 metum
318 3388 564 3465 Cautacuzenus,
590 3409 661 3449 eum
679 3397 782 3449 temen
802 3388 930 3472 intelligi
950 3391 1150 3456 certissimum
1170 3399 1216 3450 est
1234 3410 1282 3469 eux

181 3474 247 3554 ipsa
270 3473 419 3534 sententia
440 3472 665 3548 Mahometena,
687 3490 796 3553 nempe
816 3471 985 3535 immortale
1005 3475 1174 3555 praemium
1195 3492 1270 3532 con-

181 3566 355 3642 secuturum
386 3566 453 3636 post
480 3566 630 3629 mortem,
661 3556 715 3636 qul
742 3555 782 3616 de
800 3556 1023 3618 Mehometanis
1049 3566 1156 3616 contra
1177 3555 1268 3615 Chri·

133 3664 138 3669 ·
182 3640 295 3700 stienos
316 3659 454 3719 pugnans
473 3649 527 3698 aut
546 3637 735 3715 occubuerit,
757 3649 810 3698 aut
832 3661 923 3720 φιοιο
942 3639 1267 3721 plurimosocciderit.
1317 3714 1320 3719 ψ

183 3721 230 3781 De
257 3725 374 3802 origine
395 3720 561 3781 Mahometi
588 3731 619 3780 et
647 3719 870 3781 Mahometismi
892 3721 1043 3783 videndus
1076 3723 1210 3782 Zonaras
1235 3722 1269 3781 iu

184 3803 326 3866 Heraclio
349 3809 538 3885 imperatore.
560 3822 692 3868 rourrr.

264 3885 348 3968 Peg.
362 3888 434 3959 312,
448 3889 476 3948 5.
497 3887 672 3969 topicam.
715 3885 924 3947 Probabiliter
937 3897 1023 3969 putat
1034 3888 1194 3947 Gretserus
1211 3906 1269 3945 no·

181 3978 254 4047 ster,
268 3970 310 4030 sic
323 3971 438 4031 dictum
456 3968 514 4029 hoc
527 3988 621 4051 genus
636 3966 788 4050 vectigalis
798 3966 885 4051 παρὰ
902 3965 938 4031 τὸ
952 3974 1074 4029 sontior
1093 3991 1147 4029 seu
1160 3970 1269 4030 τοπίον

180 4072 235 4113 seu
255 4046 409 4134 τοπήῖον,
434 4053 516 4135 quod
546 4062 590 4112 est
617 4051 716 4130 funis,
743 4051 857 4112 rudens
883 4064 933 4131 et,
954 4063 989 4113 ut
1017 4056 1059 4113 ait
1082 4051 1268 4135 Hesychius,

181 4126 388 4212 deterreris,
422 4136 570 4215 σχοινία,
603 4128 719 4212 κάλοι,
750 4156 785 4196 ex
810 4157 940 4217 quorum
964 4136 1158 4214 venditione,
1180 4145 1216 4195 ut
1235 4138 1269 4195 in

181 4219 307 4283 civitate
326 4219 487 4296 maritime,
513 4216 640 4303 vectigal
660 4227 784 4301 captum
802 4240 880 4302 esse,
899 4217 1191 4283 averisimilitudine
1208 4238 1269 4279 non
