2926 4688
222 296 283 406 ti
623 325 906 396 maiomam

68 488 306 567 λαιλληοῖνιο
336 476 468 549 {corda
507 481 637 549 τοιαῦτα
667 484 728 566 μὲν
753 483 817 549 τάν
843 481 1096 572 Καντακουζηνῷ
1122 485 1169 572 τά
1185 487 1317 566 βασιλετ

223 584 458 671 προσκειμένων
485 577 516 646 οἷ
541 585 576 648 έν
606 584 690 650 τέλει
709 576 807 652 εἶπον.
845 578 1004 667 βασιλεύς,
1027 583 1065 647 δέ
1089 583 1147 649 oda
1174 580 1314 671 ἔφασκεν

223 689 278 773 ἐφ’
298 676 346 760 οἷς
370 684 472 767 έτεροι
497 679 689 769 ἐξήμαρτον,
722 677 852 769 ἑτέρους
881 680 1031 747 εάθύνειν
1059 676 1142 747 εἶναι
1180 684 1314 750 δίκαιον.

223 782 352 870 βασιλίς
374 804 409 875 τε
425 778 489 867 γάρ
513 778 609 847 ου’δέν
631 775 705 872 ᾔδει
726 784 791 849 τῶν
809 784 1041 867 γεγενημένων,
1061 780 1144 846 άλλά
1162 779 1203 848 τά
1226 781 1314 865 δμω-

223 885 368 968 μοσμένα
400 880 504 947 πάντα
534 880 614 963 μετά
644 884 807 969 ἀκριβείας
833 885 982 969 partem
1010 879 1235 970 φυλάττουσα,
1259 885 1343 949 nott

128 981 378 1070 Ρ.γιήβασιλει“ις
399 981 418 1045 ά
438 978 511 1057 υἷάς
538 984 581 1045 ού
610 984 732 1059 δίκαιος
753 978 949 1048 εὐθύνεσθαι
968 980 1024 1047 διά
1045 979 1101 1069 τήν
1120 981 1264 1068 ήλιιιίαν,
1284 985 1316 1049 εἰ

116 1085 282 1160 diderat*
302 1091 367 1160 τοϊς
397 1084 443 1158 εἷς
462 1077 550 1167 ήμάς
569 1084 780 1168 συνέπραττεν
802 1083 1028 1167 άγνωμονούσιῤ
1068 1077 1206 1164 μάλιστα
1224 1085 1261 1149 δὲ
1281 1084 1314 1149 ά·

223 1184 335 1250 uerter
360 1181 419 1268 τήν
446 1179 636 1267 άβελτηρίαν
663 1179 802 1268 καλιήν
834 1174 944 1247 άνοιαι
964 1182 1163 1263 θαυμάζειν,
1183 1183 1215 1247 εἰ
1231 1180 1314 1265 μετά

222 1279 377 1359 τοσαύτας
397 1273 573 1361 άπσδείξεις
592 1284 650 1366 τής
669 1282 715 1359 εἰς
734 1281 884 1364 βασιλίδα
907 1278 1035 1357 εύνσίας
1062 1279 1119 1347 καὶ
1141 1279 1219 1359 τούς
1238 1289 1315 1347 ποδ-

223 1386 303 1467 δας,
334 1379 380 1447 ἔτι
405 1382 504 1447 διπλιῖ
525 1380 603 1467 περί
630 1379 731 1447 atreo
760 1379 935 1467 λογίζονται
952 1380 1011 1461 ικαί
1032 1376 1312 1469 ἀμφισβητοῦσιν,
1326 1402 1365 1446 to

126 1468 132 1477 ⁶
222 1484 255 1548 ελ
276 1478 330 1547 διά
355 1483 465 1572 τέλους
485 1474 620 1565 εύμενής
641 1473 750 1557 αὐτοῖς
767 1488 867 1563 μενεῖ.
888 1479 924 1547 τά
946 1484 1007 1564 μέν
1024 1477 1087 1566 γάρ
1110 1482 1145 1546 έν
1165 1478 1315 1565 μεγάλοις

223 1579 321 1647 αύιὸν
343 1578 399 1665 τήν
419 1582 605 1667 φιλοτιμίαν
618 1581 878 1662 ἐπιδείκνυσθαι,
899 1582 956 1646 καί
975 1572 1029 1646 οἷα
1049 1573 1139 1646 odron
1160 1579 1314 1666 upu‘raptw

222 1689 287 1757 τοῖς
302 1680 471 1763 Ῥωμαίων
488 1678 747 1763 βεβασιλευκάσιν
768 1681 895 1747 ου’δέσιν
915 1678 1147 1768 ἐφιλοτιμήθη,
1183 1682 1240 1745 καὶ
1259 1679 1314 1744 διά

223 1783 318 1847 τοῦτο
349 1781 405 1845 καί
428 1778 505 1854 τούς
531 1782 676 1863 βασιλίδι
703 1784 947 1867 προσκειμένους
965 1778 1010 1867 μή
1035 1780 1196 1846 δύνασθαι
1215 1779 1313 1846 ιιιστά

223 1875 388 1964 ήγεῖσθαι,
410 1880 506 1945 ούδὲν
525 1878 661 1959 α’πεικύς.
701 1881 763 1945 τίνι
782 1878 844 1967 γάρ
865 1882 932 1948 τάν
951 1878 1114 1967 προτέραν
1142 1882 1238 1945 τούτο
1254 1883 1315 1962 βα·
1328 1882 1365 1945 15

196 1983 339 2046 Βοιλέων
365 1977 542 2066 ἐτολμήθη,
570 1975 651 2046 τάσει
670 1978 753 2062 μετά
782 1978 840 2066 τήν
860 1981 925 2046 τῶν
945 1977 1124 2045 άντιπάλων
1142 1970 1242 2064 ἧτταν
1263 1977 1319 2044 καί

225 2077 262 2145 τά
285 2082 390 2145 πάσαν
409 2075 607 2167 ύφ’ἓαυτούς
631 2076 830 2166 ποιήσασθαι
845 2077 903 2165 τήν
922 2077 1091 2164 ἡγεμονίαν
1103 2129 1113 2160 ,
1124 2070 1222 2155 αύθις
1241 2102 1317 2146 συν-

225 2177 387 2265 άρχοντας
405 2175 570 2264 αἱρεῖσθαι
589 2175 665 2254 τούς
678 2182 853 2266 προτέρους
870 2175 1109 2267 βασιλεύοντας·
1125 2180 1247 2259 μᾶλλον
1269 2177 1317 2258 δέ,

226 2281 259 2346 εἰ
276 2280 330 2344 δεῖ
345 2277 483 2364 τάληθές
511 2279 628 2362 εἰπεῖν,
654 2275 689 2345 τὸ
710 2281 805 2344 πλέον
830 2279 1018 2365 προσνέμειν
1037 2278 1095 2363 τῆς
1113 2276 1218 2361 άρχής
1236 2275 1319 2342 dral-

225 2383 307 2459 νοις,
323 2369 375 2443 οἷα
395 2376 435 2463 δή
456 2378 577 2443 ἐκείνου
595 2379 656 2460 μέν
675 2379 731 2443 dud
747 2375 865 2462 χρόνον
882 2374 952 2444 τινά
969 2384 1036 2453 τοῖς
1050 2379 1217 2463 πράγμασι
1235 2398 1365 2461 χρη-νο

226 2480 382 2561 συμένου,
416 2478 547 2553 ἐκεινοις
576 2478 614 2544 δὲ
641 2480 698 2544 καί
726 2476 808 2565 πρὸς
836 2478 958 2543 παίδων
986 2476 1144 2562 διαδοχήν
1160 2473 1318 2560 μενούσης

225 2578 284 2661 τῆς
316 2575 441 2662 άρχήςς
463 2577 588 2651 πάντας
615 2576 728 2645 ούδενί.
767 2574 802 2644 τά
824 2577 862 2642 δὲ
881 2568 1005 2660 atrior,
1039 2571 1089 2643 δτι
1109 2576 1320 2657 interecepto

227 2669 323 2741 otoo
342 2677 449 2761 ἕτερον
471 2674 705 2763 ἐσπουδάζετο,
723 2672 745 2764 ή
764 2678 799 2759 ἔξ
816 2670 933 2763 ἑτέρων
953 2676 1000 2752 εἰς
1017 2671 1154 2753 ἑαυτούς
1173 2670 1318 2760 μετάγειν

298 2802 340 2841 rr·
358 2784 439 2858 φανβ
454 2783 492 2839 ll
510 2798 563 2856 mg.
659 2848 676 2884 l

225 2905 311 2955 none,
329 2890 460 2961 quoniam
478 2890 523 2944 llli
541 2893 647 2964 priorer
664 2893 852 2966 deliquerint,
870 2896 894 2950 ei
912 2896 966 2967 lpri
984 2898 1037 2949 lam
1055 2896 1110 2950 rlbi
1126 2895 1315 2967 providerint,

227 2962 310 3031 eulpa
328 2961 468 3015 carituror.
503 2963 578 3016 llaec
595 2965 715 3018 illuatree
735 2968 805 3028 tiri,
822 2965 925 3019 addicti
944 2968 1153 3030 cantacnzeno,
1176 2967 1315 3020 dixerunt.

227 3030 339 3101 Quibus
355 3030 507 3100 reapondit,
522 3032 655 3087 iniustum
671 3051 741 3100 erae,
757 3037 827 3088 alloa
845 3052 970 3107 peccaare
987 3047 1016 3091 et
1032 3039 1101 3091 alioe
1118 3039 1210 3109 plecti.
1245 3036 1316 3090 Nam

227 3101 430 3170 imperatricem
447 3101 514 3154 lacti
531 3119 589 3155 non
606 3119 667 3157 erre
684 3107 835 3170 conectam,
862 3114 892 3161 et
909 3124 981 3178 quae
1003 3109 1091 3162 iurata
1114 3112 1185 3174 rint,
1209 3124 1317 3163 cervara

228 3168 377 3241 diligenter
394 3171 496 3240 omnia,
516 3171 658 3244 liliumque
676 3175 878 3246 imperatorem,
893 3180 1016 3250 quamvir
1034 3182 1182 3235 malevolae
1199 3179 1317 3235 adiuve-

227 3240 283 3306 rit,
309 3240 346 3292 ob
370 3242 481 3301 concilii
505 3242 741 3312 imbecillitatem,
765 3257 798 3301 ut
815 3249 1033 3313 adolercentem,
1063 3249 1165 3304 debere
1183 3251 1317 3305 excusari.

227 3311 342 3365 litorum
361 3312 507 3366 stultitiam
525 3317 764 3388 temeritatemque
786 3335 815 3372 ae
833 3320 978 3384 admirari,
1007 3331 1067 3373 erno
1089 3330 1151 3391 port
1169 3331 1225 3374 tam
1244 3323 1318 3374 clara

226 3380 442 3437 benevolentiae
462 3398 529 3437 auae
546 3385 577 3438 in
590 3388 791 3457 imperatricem
809 3406 841 3444 ae
855 3391 926 3445 filior
939 3399 1099 3463 argumenta
1117 3391 1216 3457 adhuc,
1239 3398 1320 3445 utro·

13 3498 14 3525 3
225 3450 268 3508 vla
294 3452 423 3506 dictracta
449 3457 633 3525 cogitatione,
664 3458 739 3511 ambi
757 3467 817 3526 ant,
836 3461 944 3533 ecquid
962 3464 997 3515 ad
1020 3466 1102 3516 finem
1122 3466 1154 3518 ln
1175 3480 1207 3516 ea
1245 3480 1320 3516 erre·

13 3532 14 3537 ’
108 3581 111 3586 ,
227 3532 370 3577 reratorur
390 3527 434 3578 ait
470 3525 544 3596 Quia
562 3527 683 3582 enimin
708 3479 801 3583 ardui·
819 3531 977 3598 elaborarit,
995 3542 1024 3586 et
1041 3552 1110 3602 quae
1126 3551 1206 3587 nemo
1222 3481 1319 3588 doma-

227 3608 327 3647 norum
350 3596 545 3666 imperatorum
569 3598 674 3653 efficere
698 3607 776 3654 unta
800 3605 978 3656 contentione
1000 3607 1154 3668 etarduerit,
1172 3612 1321 3676 propterea

228 3666 332 3717 amieor
352 3666 531 3738 imperatricis
549 3668 659 3723 fidelem
677 3670 768 3743 iprum
789 3672 848 3726 iore
868 3691 926 3727 non
945 3675 1072 3740 credere,
1095 3675 1168 3730 nihil
1187 3693 1247 3730 erae
1270 3676 1321 3728 ab·

228 3735 351 3789 turdum.
401 3736 545 3791 Neminem
570 3743 646 3794 enlm
670 3759 705 3795 ex
729 3742 901 3814 superiorum
927 3753 1081 3818 temporum
1107 3747 1321 3817 imperatoribus

228 3815 295 3877 poet
314 3805 466 3862 debellator
483 3808 651 3865 adversarior
672 3821 701 3866 et
715 3814 853 3869 redactum
872 3815 924 3869 rub
942 3833 972 3872 ιο
993 3816 1319 3888 ααίιετιιιιαίωφειὶιισι,

228 3878 278 3949 qui
287 3880 368 3999 ‹qrrlor
379 3880 556 3951 imperarant,
574 3882 665 3937 denuo
678 3885 796 3957 collegas
807 3886 957 3942 adrciacere
973 3905 1067 3941 ausum
1077 3888 1171 3953 soleae,
1185 3889 1317 3950 immori,

229 3964 285 4018 quo
325 3966 367 4002 rer
385 3958 442 4013 eat,
460 3951 540 4005 lateri
557 3956 687 4020 velimur,
700 3960 837 4027 potiorem
855 3959 965 4030 imperil
982 3968 1087 4029 partem
1106 3960 1162 4013 illie
1182 3957 1319 4010 attribue-

135 4084 139 4091 1
229 4032 271 4100 re,
290 4025 323 4071 ut
340 4020 517 4075 ranimirum
534 4023 570 4076 ad
589 4032 697 4098 tempor
717 4029 831 4101 aliquod
848 4044 878 4081 re
915 4038 1004 4094 aturo,
1021 4030 1078 4085 illie
1095 4048 1159 4084 vero
1180 4029 1263 4083 etiam
1282 4029 1319 4079 ad

228 4086 333 4142 liberor
358 4092 504 4161 imperium
529 4100 734 4153 tranrmirrurir.
772 4100 859 4153 Caura
910 4101 1011 4164 suinae,
1035 4099 1110 4174 quod
1130 4102 1159 4154 in
1177 4117 1212 4154 eo
1230 4101 1319 4153 omnia

230 4170 324 4212 eorum
342 4176 406 4214 cura
425 4166 586 4232 evigilaret,
606 4170 694 4221 omnia
714 4172 845 4239 cogitatio
864 4178 1025 4233 verteretur,
1043 4171 1182 4242 quomodo
1200 4168 1236 4223 ab
1256 4171 1320 4222 aliis

230 4228 379 4311 Imperium
397 4233 433 4286 ad
450 4248 480 4288 re
500 4236 687 4298 uanalerreut
722 4241 831 4299 Altera
848 4244 893 4300 rio
910 4243 1070 4311 ἰαεειιίιιος
1087 4242 1121 4296 ab
1142 4242 1225 4298 initio
1246 4241 1321 4296 euim
