2978 4678
438 312 493 376 au
525 307 904 377 wambasius.
934 313 962 373 1.
1152 256 1241 396 397'

160 486 260 547 omnia
293 491 364 544 suut
391 478 556 543 uertisslma
583 501 618 541 ex
642 478 726 542 libris
745 476 915 540 ritualibus.
956 468 1031 538 Nam
1052 476 1236 541 Graecorum

201 567 384 649 adrogesima
412 568 526 647 septem
549 562 789 625 bebdomadibus
809 572 937 641 constat,
959 583 992 621 ex
1014 580 1063 620 sex
1083 560 1237 622 dumtaxat
1264 620 1268 631 ,

159 590 325 715 dllminieis.
367 648 450 713 Haeo
478 667 528 708 me
548 645 597 709 his
623 649 695 728 ipsis
712 646 812 707 verbis
837 645 919 705 idem
947 646 1105 707 ermerus
1136 655 1237 706 nomer

159 736 297 811 monuit,
318 730 428 814 quibus
448 731 683 805 meeumutaris
705 726 787 790 licet.
810 746 941 796 ronnas.
1297 724 1299 739 “

244 815 321 896 Peg.
342 812 394 887 65,
418 833 465 879 ιι.
486 805 799 890 συνδιασκεψάμενος
818 809 862 870 Μ.
904 850 907 859 .

242 898 322 980 Peg.
342 896 396 974 63,
416 917 465 958 ao.
486 885 508 975 ἢ
529 890 589 976 μή,
608 891 652 975 μὴ
676 892 779 973 ζητεῖν
795 893 840 958 Μ.
864 902 954 960 mete.

240 981 320 1062 Peg.
340 978 393 1057 64,
415 978 445 1057 4.
466 974 523 1039 τοῦ
544 976 701 1075 βασιλέως
720 977 764 1038 Μ.

242 1064 320 1146 Pag.
339 1060 391 1141 64,
419 1061 467 1124 15.
491 1078 640 1141 προτερον
686 1057 775 1143 edroi
807 1054 864 1141 τὴν
891 1057 949 1139 γῆν
975 1061 1083 1140 χανεῖν
1110 1059 1238 1138 μᾶλλον.

159 1149 206 1212 Ex
226 1147 378 1219 Homero,
391 1143 473 1225 quod
483 1143 627 1224 expressit
640 1141 787 1227 Virgilius
797 1143 828 1220 4.
842 1141 992 1213 Αευοίἀ.,
1011 1143 1065 1204 ubi
1079 1145 1122 1205 sie
1135 1145 1236 1208 Dido:

157 1231 222 1293 Sed
243 1231 319 1292 mitt
337 1227 389 1287 vet
404 1227 488 1288 tellas
506 1239 603 1309 optem
617 1226 703 1310 prim
726 1228 790 1286 ima
809 1224 948 1292 dehiscat.
970 1226 1163 1310 Quamquam
1172 1228 1238 1290 llo-

156 1334 259 1376 merus
279 1307 346 1373 etas
370 1327 427 1385 μοι
441 1305 536 1388 χάνοι
554 1304 664 1386 εὐρεῖα
681 1303 783 1387 χθών.Ι
825 1327 952 1369 maran.

239 1393 318 1476 Peg.
338 1391 391 1468 64,
415 1411 465 1452 ar.
488 1413 572 1455 cum
598 1390 692 1452 albo
716 1391 884 1453 calculo.
907 1387 966 1470 τὴν
992 1388 1129 1453 νικῶσαν
1150 1402 1239 1456 vocat

112 1474 115 1483 ’
158 1487 289 1555 auctor,
317 1476 491 1555 vfflcenoem.
535 1473 652 1535 Album
680 1473 830 1535 cdcalum
859 1472 969 1535 addere
996 1485 1043 1536 est
1064 1476 1238 1557 approbare,

158 1561 243 1622 Olim
266 1561 357 1635 enim,
381 1555 503 1620 calculis
523 1560 555 1618 in
577 1578 687 1618 arnam
708 1558 816 1631 missis,
839 1556 880 1617 ita
900 1556 1074 1618 ferebantur
1094 1578 1112 1617 a
1130 1559 1237 1620 iudici-

157 1643 216 1704 bus
237 1644 423 1719 sententiae‚
444 1651 480 1702 ut
505 1639 583 1702 albis
603 1639 811 1712 absolverent,
845 1639 982 1721 pluribus
1003 1636 1133 1721 scilicet,
1165 1642 1239 1704 atris

158 1722 345 1789 damnarent
387 1723 479 1802 Quod
509 1726 535 1785 si
564 1723 702 1806 aequales
722 1742 849 1783 numero
869 1721 1012 1806 fixissent,
1047 1743 1118 1785 reus
1141 1724 1239 1787 nihilo

157 1813 258 1873 miuus
280 1807 477 1871 liberabatur.
501 1807 596 1869 Plura
616 1805 937 1868 Chiliastes.‘rosrsu.

241 1908 316 1989 Peg.
330 1905 383 1977 65,
405 1926 435 1988 9.
458 1896 555 1977 ariade
574 1905 617 1968 M.
634 1915 666 1966 st
686 1903 742 1966 lin.
761 1922 808 1986 17.
828 1899 913 1988 ἡμᾶς
930 1916 961 1967 et
973 1900 1072 1989 ἡμῶν.

244 1990 322 2071 Peg.
342 1987 394 2066 66,
417 2008 469 2048 aa.
491 1989 656 2050 τελευταῖα
675 1989 721 2050 Μ.

238 2071 423 2155 Pag.67‚2.
446 2073 572 2132 locum
596 2069 745 2132 indicit
765 2073 1042 2154 introgressus.
1066 2073 1155 2151 Quae
1167 2078 1239 2139 stri·

155 2160 201 2221 bit
218 2160 367 2238 Gregoras
385 2152 464 2216 libro
477 2164 585 2216 octavo
599 2174 671 2214 cum
682 2153 741 2233 bis,
756 2174 834 2234 qum
848 2153 941 2239 paulo
964 2165 1035 2217 ante
1053 2155 1132 2218 dicta
1148 2167 1237 2236 suat,

43 2234 46 2239 ⁴
157 2261 296 2327 quaeque
315 2248 493 2320 sequuntur,
517 2234 854 2320 parum'consentiuut.
882 2236 977 2314 Audi,
994 2240 1020 2298 si
1039 2236 1123 2300 libet
1142 2241 1240 2302 Sexta

149 2321 445 2409 porrolsebdomade
468 2332 587 2381 samiae
612 2318 861 2404 qrmdragesimae
879 2322 1061 2404 imperator,
1082 2321 1239 2385 Gerasimo

149 2404 326 2493 patriarcba
343 2414 372 2463 ct
389 2404 460 2465 aliis
485 2401 691 2488 pontificibus,
721 2402 826 2486 quiin
855 2403 925 2462 urbe
947 2418 1049 2480 erant,
1074 2408 1242 2486 accersitis,

154 2500 288 2574 nepotem
314 2484 452 2562 adducit,
468 2487 575 2571 palam
590 2486 797 2571 obiurgaturas
825 2497 855 2546 et
883 2487 1066 2567 moniturus,
1096 2490 1239 2571 utflgae

153 2572 309 2634 consilium
328 2581 471 2629 mutaret:
487 2590 545 2652 piso
561 2589 664 2629 comm
678 2569 768 2630 tantis
784 2568 898 2629 testibus
917 2569 1106 2654 pudefactus,
1133 2586 1186 2633 atet
1205 2574 1239 2634 io

153 2654 251 2736 officio
275 2665 363 2725 esset,
390 2665 443 2712 aaa
464 2671 523 2712 non
549 2653 612 2711 sine
640 2672 730 2713 casua
748 2651 901 2735 probabili
921 2655 1057 2717 multatus
1074 2652 1238 2721 videntur.

153 2739 304 2821 Ingressus
326 2748 368 2794 est
381 2736 472 2816 igitur
491 2731 680 2795 Andronius
701 2735 824 2808 iunior,
844 2732 979 2797 αᾱάιιεείε
998 2758 1095 2800 secum
1110 2738 1238 2800 nonnul-

153 2822 209 2899 lis,
226 2821 279 2906 qai
301 2817 413 2881 comita
433 2837 522 2879 mma
541 2828 571 2876 et
588 2816 734 2899 pugiones
751 2816 899 2899 gerebaru,
916 2840 969 2880 nec
995 2822 1059 2905 ipse
1071 2819 1167 2904 plane
1188 2820 1238 2882 in·

151 2906 243 2967 ermis
256 2912 313 2965 etc.
331 2921 464 2963 sorren.
587 2961 592 2973 ,

236 3000 396 3085 Pag.67,
418 2999 466 3061 15.
489 3001 565 3083 Qui
586 2999 775 3062 Canicleo
797 3014 994 3084 praeerat.
1026 3000 1236 3089 Curopalatat

61 3107 66 3115 ’
152 3079 208 3149 tut
226 3083 283 3148 sori
298 3078 490 3147 Κανικλείου
520 3073 560 3163 ἦν
593 3075 851 3164 ὅσυμπένθερος
878 3082 938 3142 τοῦ
953 3078 1113 3161 ’βασιλέως
1139 3082 1238 3167 ὀχού-

152 3187 255 3246 μενος.
297 3167 373 3229 Erat
393 3178 494 3229 autem
516 3163 692 3227 Canicleum
712 3187 765 3227 arx
795 3176 824 3227 et
845 3168 1059 3229 monasterium
1084 3172 1235 3233 Constan-

153 3249 281 3334 tinopoli
303 3252 335 3312 iu
348 3249 445 3328 urbe,
461 3250 546 3311 cuius
566 3248 754 3332 praefectura
774 3247 899 3315 illustris
919 3249 1103 3323 admodum,
1118 3253 1236 3335 fuitque

154 3333 282 3396 alterum
350 3333 456 3394 latium
478 3331 756 3414 Constantinopoli,
780 3331 864 3416 quod
892 3352 996 3395 socero
1022 3336 1235 3418 imperatoris,

153 3419 179 3477 si
199 3427 295 3496 esset,
338 3418 441 3478 ouoris
464 3436 535 3498 ergo
549 3415 679 3477 dabatur
700 3416 905 3478 incolendum.
947 3416 1034 3480 Etis
1054 3441 1156 3481 coram
1177 3424 1235 3482 im·

153 3512 290 3582 peratore
303 3520 415 3584 genem
434 3499 622 3571 vehebatur,
650 3518 708 3561 nec
727 3501 888 3561 tenebatur
911 3519 1017 3563 coram
1038 3522 1076 3564 eo
1095 3504 1127 3563 in
1142 3503 1233 3586 pedes

154 3580 309 3664 procidere
339 3594 370 3645 et
405 3583 449 3644 ire
481 3582 628 3665 pedibus,
661 3591 697 3643 ut
723 3582 774 3644 alii
804 3600 930 3656 omnes,
957 3587 1063 3665 quiin
1088 3584 1234 3668 dignitate
1332 3646 1339 3653 .

153 3677 251 3766 erant,
267 3667 455 3811 impepptoris
467 3663 623 3732 beneficio.
632 3664 679 3726 lta
691 3663 865 3730 scholiastes
878 3662 1088 3750 Curopalatae.
1101 3689 1232 3734 ronrau.

86 3765 93 3779 ·
153 3768 170 3807 o
195 3767 230 3811 ov
256 3768 305 3811 tto
377 3798 387 3819 .
611 3766 615 3772 '
764 3760 766 3764 ‘

169 3769 192 3826 χ
231 3770 322 3930 ll'agi
333 3849 385 3934 69,
413 3872 440 3912 r.
463 3843 497 3911 ri
519 3868 579 3910 om.
600 3849 646 3910 Μ.
665 3858 737 3910 ante
756 3847 922 3930 ἐπίταγμα.

200 4030 206 4041 .
236 3944 446 4032 Pag.69,14.
467 3970 514 4009 ex
552 3948 659 4029 lege,
693 3970 793 4032 quae
830 3950 1004 4012 iudiciis
1032 3955 1136 4037 ipsis
1166 3955 1230 4016 do-

153 4042 332 4091 minatur.
371 4031 450 4093 Nam
471 4029 583 4093 iudices
602 4030 769 4093 secundum
791 4030 892 4114 leges,
927 4054 989 4095 non
1017 4048 1123 4098 contre
1151 4038 1161 4099 l

154 4108 289 4172 iudicare
308 4112 427 4176 debeat.
468 4114 628 4175 Praeterea
659 4115 738 4175 sicut
771 4118 960 4197 magistratus
980 4118 1091 4181 dicitur
1111 4119 1157 4181 lex
1192 4140 1228 4180 o·

154 4213 272 4274 quens,
307 4194 404 4258 sicet
435 4207 537 4258 mutus
566 4198 778 4287 magistratus,
816 4201 869 4281 qui
907 4200 1013 4283 pracial
1032 4197 1126 4264 dubio
1158 4202 1229 4289 ipsis
