2926 4684
193 324 248 404 9¹1
596 321 880 401 commorimur

38 479 105 532 M·
118 470 254 545 ulium
276 477 457 563 ἐπιτηδείων
477 477 650 562 ἐχορήγουν
671 468 765 544 οδδὲν
786 478 831 556 οἷς
857 471 1108 568 ἇπτρῖῥιμμένσν,
1137 479 1194 545 κοί
1212 484 1309 565 γλίι,

89 580 116 635 P·
133 582 300 661 γδδσχρως
316 580 403 663 διέζη
416 574 472 641 καί
491 579 555 642 τῶν
575 574 656 662 πρός
674 573 732 663 τήν
748 584 863 662 χρείαν
877 581 1001 664 ἐνδεῶς,
1022 581 1186 646 ἐσκέπτετο
1199 577 1280 662 πρός

193 673 460 763 Καντακουζηνόν
488 674 543 741 τὸν
569 680 705 760 βασιλέα
732 678 970 766 διαδιδράσκειν
987 676 1069 762 μετὰ
1090 677 1149 766 την
1169 681 1281 745 ἐπόνο-

195 780 250 843 δον
270 778 316 852 εἰς
335 774 568 858 Διδυμόττιχον
595 778 631 843 ἐκ
650 779 706 861 τῆς
725 773 869 863 ἑσπέρας.
909 774 991 846 οδτω
1021 782 1057 845 δὲ
1078 777 1181 862 δόξαν,
1202 777 1283 864 πρός

194 878 345 943 Γαλατᾶν
363 873 399 940 τὸ
419 876 571 941 Λατίνων
592 873 747 965 φρούριον
761 878 884 962 διαβὰς,
904 877 1020 965 τρόπον
1032 876 1189 965 ἐπεζήτει,
1209 883 1313 948 καθ’ἕλ

197 970 233 1041 δν
255 975 403 1063 ἀφίξεται
423 978 469 1053 εἰς
487 979 632 1059 βασιλέα.
681 977 713 1042 οὶ
733 979 769 1044 δὲ
789 982 824 1044 ἐν
843 981 1011 1069 Βυζαντίῳ
1043 971 1194 1065 ἄρχοντες
1215 1005 1285 1065 pm·

197 1074 350 1163 ρόσαντες
372 1073 427 1140 τόν
447 1074 606 1160 δρασμόν,
627 1080 685 1143 καί
702 1075 903 1165 πατριάρχης
923 1077 940 1143 ό
960 1073 1114 1164 Ἰωάννης,
1136 1083 1286 1161 πέμψαν·

197 1200 250 1251 τις
277 1178 322 1251 εἰς
341 1177 511 1257 Γαλατᾶν,
533 1178 676 1244 ἐκέλευον
694 1183 858 1256 Λατίνους
875 1175 1077 1265 πατριάρχην
1101 1174 1209 1254 αὐτοῖς
1230 1175 1287 1242 τόν

195 1274 424 1363 Ἱεροσολύμων
454 1275 623 1345 ἐκδιδόναι.
674 1275 704 1343 οἱ
733 1281 761 1343 δ’
790 1280 913 1366 αἵρεσιν
940 1280 1028 1369 αὐτῷ
1060 1281 1285 1365 προδτιλλεσαν,

202 1370 225 1463 ἢ
253 1386 411 1442 κοινωνεῖν
440 1380 548 1454 αδτοῖς
577 1377 658 1466 πρός
681 1379 745 1445 τοῖν
774 1377 937 1463 δογμάτων
957 1377 1017 1465 την
1048 1378 1207 1466 διαφορὰν
1232 1381 1288 1443 καί
1301 1405 1337 1444 ιο

200 1473 255 1542 τόν
276 1478 437 1544 ίπιλοιπον
460 1485 603 1544 συνεῖναι
620 1476 738 1563 χρόνον
745 1529 757 1561 ,
776 1477 819 1555 ὥς
839 1482 896 1544 νῦν
913 1502 946 1544 τε
969 1481 1074 1544 αδτῶν
1093 1476 1211 1563 πολλὴν
1231 1503 1287 1564 φι-

201 1581 346 1662 λοτιμίαν
369 1574 444 1664 περί
461 1581 517 1662 τῆς
536 1579 581 1652 είς
602 1574 701 1644 αδιδν
719 1580 866 1655 εδποιίας
886 1580 1137 1661 ε’πιδειξομίνων,
1157 1581 1214 1643 καί
1230 1581 1289 1645 τοῦ

171 1675 325 1764 ΒῬοόμης
356 1674 527 1742 ἐπισκόπου
555 1671 687 1763 ὕστερον
716 1675 971 1765 εδεργετὴσοιπος
987 1676 1112 1763 μεγάλα
1138 1677 1195 1743 καί
1221 1688 1289 1753 τοῖς

199 1776 253 1842 ὕπ’
273 1771 372 1843 αότὸν
391 1776 684 1864 συναριθμὴσονιος
703 1775 894 1862 ἐπισκόποις,
918 1770 940 1862 ἢ
958 1779 1106 1864 ἤπειλουν
1128 1773 1290 1844 ἐκδιδόναι

197 1888 262 1954 τοῖς
275 1879 427 1959 αἰτοῦσιν,
436 1876 495 1966 ὕφ’
507 1868 553 1944 τόν
564 1876 707 1945 πείσεται
721 1878 888 1963 α’νηκεστιι.
910 1877 928 1944 ό
941 1881 977 1945 δὲ
990 1880 1031 1944 ου’
1046 1883 1195 1946 τοσοῦτον
1205 1876 1286 1945 ἔδει·
1301 1874 1338 1935 15

198 2000 235 2043 σε
242 1975 303 2054 τός
319 1977 460 2061 α’πειλδς,
472 1973 543 2044 ὅσον
556 1980 612 2063 τῆς
619 1976 745 2045 ἐκείνων
754 1979 863 2055 α’νοίας
875 1982 1035 2063 κατεγέλα,
1048 1980 1079 2045 εί
1087 1981 1209 2065 μικρῶν
1220 1980 1290 2044 ἕνε-

199 2103 241 2143 κα
251 2081 306 2143 καί
316 2077 606 2166 εδκαταφρονητων
618 2080 674 2164 τῆς
684 2081 816 2165 πατρίου
830 2081 921 2166 δόξης
935 2073 1072 2166 ἤλπισαν
1087 2078 1287 2163 α’ποστησειν,

201 2179 409 2264 οἷντηπειλησί
420 2204 453 2245 τε
471 2179 526 2244 καί
539 2178 648 2261 αδτός,
666 2180 710 2258 οἷς
720 2180 799 2268 ῥᾷον
811 2171 852 2245 δν
864 2174 962 2256 αὐτὸς
976 2179 1095 2256 ου’τοδς
1107 2181 1170 2245 των
1186 2181 1290 2253 κακοῖς

201 2275 410 2363 μεταστησειε
421 2280 622 2365 δεδογμένων,
636 2274 658 2366 ἦ
670 2279 766 2356 ου’τός
778 2281 1010 2365 συναπαχθτίη,
1021 2270 1042 2367 ἢ
1049 2277 1291 2363 μεγάλαιςᾶγα-
1390 2346 1398 2358 ,

202 2379 271 2442 δεῖν
283 2379 490 2463 ἐπαγγελίαις,
511 2372 532 2464 ἢ
552 2384 614 2446 τεόν
631 2377 714 2444 πάνυ
731 2378 964 2467 φοβερωτάτου
976 2381 1131 2455 ἀπειλαῖς.
1165 2380 1235 2444 ἐπεὶ
1253 2379 1290 2444 δὲ
1301 2397 1341 2436 2⁰

203 2471 300 2543 αδτὸν
315 2478 520 2560 ἀμεταθέτως
530 2473 744 2564 είδονέχοντα,
755 2480 916 2567 δεσμώτην
928 2479 1088 2557 ἐξεδίδουν
1099 2487 1165 2556 τοῖς
1180 2480 1291 2545 uirosi-

204 2600 267 2641 σιν.
297 2575 327 2641 oi
343 2579 378 2642 δὲ
392 2570 508 2662 ἤγαγον
524 2578 604 2667 πρὸς
617 2579 826 2668 πατριάρχην,
841 2577 1053 2663 προσδόκιμον
1065 2570 1139 2646 ὄντα
1154 2584 1292 2666 α’φιλαν·

175 2672 343 2765 Caprium
360 2674 544 2764 χρήσεσθαι
558 2682 668 2774 uoragi..
694 2680 712 2746 ὅ
729 2683 764 2748 δὲ
781 2679 838 2766 την
858 2674 976 2768 ἆρετην
1000 2684 1061 2747 τοῦ
1074 2679 1190 2766 ἀνδρός
1203 2682 1292 2746 αἰδε-

88 2782 91 2791 *
205 2798 254 2854 sed
273 2807 385 2871 propter
403 2800 497 2853 odium
515 2798 664 2866 dumtaxat,
682 2817 737 2873 quo
755 2801 785 2854 ln
805 2801 1022 2871 (Ξιιιιιιτιιτειιιιιιτ1
1039 2800 1199 2864 fervebant,
1224 2800 1294 2853 haee

205 2875 282 2945 pati:
306 2881 446 2943 praeterea
472 2871 544 2925 nihil
567 2889 654 2945 paene
679 2875 859 2926 sustentando
884 2876 992 2942 corpori
1018 2872 1200 2925 necessarium
1227 2869 1293 2933 sibi,

206 2953 345 3014 tamquam
364 2945 572 3003 reiectamerrto,
590 2943 731 3011 praeberi,
747 2960 832 3014 seque
849 2944 1011 2997 tenuissimo
1030 2942 1093 2996 cibo
1112 2945 1149 2994 ali
1168 2953 1196 2996 et
1212 2958 1293 3011 egere

207 3015 289 3067 rebus
308 3013 446 3077 omnibus,
458 3011 559 3085 ecquid
574 3013 610 3064 ad
628 3013 845 3066 Cantaeuaenum
862 3016 1054 3085 imperatorem
1066 3013 1294 3083 Didymotieburn

208 3101 243 3137 ea
261 3082 404 3136 occidente
423 3082 584 3136 redeuntem
607 3082 804 3152 transfugeret,
830 3101 922 3138 seeum
941 3084 1094 3149 deliberat,
1119 3083 1293 3154 probatoque

208 3154 336 3214 consilio,
355 3153 488 3216 Galatam,
505 3154 667 3207 Latinorum
685 3156 826 3223 oppidum,
844 3155 954 3216 vadeno,
972 3156 1085 3209 modurn
1105 3164 1215 3228 captat,
1236 3173 1292 3227 quo

207 3223 244 3277 ad
262 3225 339 3276 illum
357 3224 499 3291 pervenire
522 3231 614 3295 queat
656 3225 805 3278 Archontes
828 3226 958 3294 Byzantii,
982 3235 1120 3299 comperta
1139 3227 1197 3280 eius
1218 3226 1294 3295 tuga,

207 3292 361 3366 patriarcba
378 3293 480 3349 Ioanne
498 3296 617 3356 roureio,
632 3297 757 3350 Galatam
769 3299 893 3361 mittunt,
912 3297 1163 3366 Hierosolymorum
1177 3298 1296 3368 patriar-

208 3365 287 3421 elram
313 3363 378 3417 derli
402 3366 552 3435 postulant.
598 3365 724 3422 Galatici
745 3366 885 3436 optionem
908 3368 951 3420 llii
970 3371 1103 3437 integram
1121 3369 1296 3439 relinquunt,

209 3446 259 3491 aut
275 3451 366 3489 seeum
383 3438 584 3490 communicare
601 3439 632 3490 in
649 3437 796 3507 dogmatis,
815 3447 844 3492 et
863 3439 897 3493 δε
915 3434 1007 3491 e'etero
1025 3440 1098 3493 inter
1115 3442 1190 3509 ipsos
1213 3438 1296 3491 babi-

210 3516 284 3571 tare,
307 3521 389 3578 quom
415 3514 444 3561 et
463 3507 516 3578 ipsi
533 3526 606 3563 nunc
622 3508 870 3563 beneficentissimo
888 3511 1046 3576 tractaturi,
1064 3518 1092 3562 et
1113 3513 1214 3563 Romae
1233 3512 1296 3578 epi-

210 3595 309 3649 seopur
326 3584 420 3647 postea
440 3581 543 3647 magnii
561 3580 666 3632 meritis
691 3586 886 3649 prosecuturur'
910 3582 1023 3651 suisque
1047 3583 1183 3652 episcopis
1204 3597 1296 3635 annu-

210 3657 363 3703 meratums
379 3649 432 3702 sit:
457 3658 505 3702 aut
522 3649 617 3722 (quod
639 3652 833 3720 minabantur)
851 3650 1011 3722 petentibus
1030 3653 1119 3717 tradi,
1148 3672 1165 3705 a
1191 3652 1298 3722 quibus

211 3721 341 3773 immania
361 3726 508 3789 pateretur.
545 3722 595 3774 llle
613 3738 676 3777 vero
695 3740 750 3775 non
771 3730 879 3777 tantum
901 3722 1055 3776 terrebatur
1072 3724 1298 3775 comminationi·

210 3791 272 3855 bus,
291 3799 424 3863 quantum
444 3807 539 3844 eorum
555 3791 664 3848 ridebat
679 3795 843 3856 stultitiam,
865 3795 913 3861 qui
936 3795 1104 3846 minutorum
1123 3802 1152 3845 et
1168 3792 1298 3863 despica-

209 3863 311 3917 bilium
332 3860 466 3915 bonorum
485 3865 623 3933 promissis
641 3880 657 3914 a
676 3864 773 3932 patriis
790 3881 852 3918 eum
872 3866 1008 3917 institutis
1027 3882 1056 3916 se
1077 3882 1218 3920 eversuros
1233 3881 1300 3933 spe·

211 3941 317 3987 rorent:
336 3939 484 4006 contraque
503 3937 607 4005 etipse
625 3935 824 4005 pollicebatur,
850 3934 957 3987 facilius
975 3952 1005 3988 ιε
1024 3936 1087 3988 ὶΙΙοε
1105 3935 1141 3986 ab
1161 3936 1297 3988 adulteri-

211 4006 255 4058 nis
280 4004 412 4074 dogmatis
438 4013 641 4069 revocaturum,
664 4024 747 4076 quam
771 4015 802 4059 ut
823 4007 883 4076 ipre
904 4023 964 4058 cum
983 4006 1039 4058 illis
1066 4017 1115 4060 aut
1141 4006 1298 4076 ingentium

211 4078 348 4131 bonorum
366 4075 572 4141 sponsionibus,
602 4084 651 4128 aut
668 4078 870 4130 teterrimarum
888 4078 1085 4146 suppliciorum
1108 4078 1191 4131 minis
1215 4076 1301 4128 simul

212 4150 242 4199 in
269 4163 387 4200 errorem
416 4147 597 4215 abriperetur.
640 4146 764 4201 Galataei
792 4156 824 4200 ut
851 4146 1024 4201 obfirmatum
1055 4165 1088 4199 ae
1112 4148 1299 4218 praefractum

213 4218 351 4280 viderunt,
368 4216 488 4272 vinctum
506 4218 666 4293 potentibus
684 4219 905 4276 mansdirlerunt:
922 4220 973 4290 qui
987 4218 1095 4273 eumad
1107 4218 1301 4303 patriarcham,
