3020 4684
240 264 324 368 340
637 287 921 356 omacuznus

84 456 113 509 t.
124 453 153 506 C.
165 455 230 508 r355
238 436 313 529 ὅπερ
335 441 431 518 αίτδς
450 434 552 507 ἔκοντί
569 442 728 526 προείλου,
751 442 809 505 νῦν
823 441 880 503 καί
896 438 943 514 είς
962 436 1052 525 ἔργον
1070 433 1231 523 ἐθελήσεις
1241 439 1322 524 οἶμαι

141 558 167 616 Ρ,
179 561 229 627 897
237 550 316 626 γεῖν,
339 535 452 627 ἄριστα
473 538 529 629 ἕση
549 542 658 628 σαυτιηῖ
684 562 720 604 τε
745 539 876 626 κε’κείνῳ
907 542 1164 621 βεβουλευμένος.
1202 537 1321 613 ἐκεῖνος

238 664 273 707 τε
291 642 352 726 γὰρ
365 642 429 705 ταῖν
450 641 574 721 δεσμῶν
588 635 771 720 ἀπολυθείς,
790 637 846 702 σἰεί
861 658 912 704 σοι
930 632 1031 722 χάριν
1047 634 1164 703 εἴσεται
1185 637 1321 720 βεβαίαν

237 745 292 824 τῆς
324 739 505 823 εὐεργεσίας
546 732 601 802 καί
637 739 733 816 ζῶντί
761 760 797 800 τε
829 732 1013 821 πειράσεται
1038 736 1243 820 εδγνυμονεῖν
1264 736 1322 801 καί

237 836 337 922 ἔργοις
366 837 474 912 αὐτοῖς
500 845 601 900 ποιεῖν
624 838 825 921 καταφανὲς,
854 833 897 910 ὥς
921 837 967 911 εἷς
995 826 1083 913 ἔξεον
1106 838 1240 901 κατέθου
1260 833 1348 910 τὰς5

236 936 436 1024 εὐεργεσίας,
455 938 511 999 καί
525 932 605 1016 μετὰ
625 931 792 1018 τελευτήν,
814 937 847 999 εἰ
865 938 956 999 τοῦτο
976 936 1134 1020 συμβαίη,
1161 932 1265 1002 πάντα
1286 931 1321 999 ἔ-

235 1060 308 1102 σται
328 1044 393 1110 τοῖς
413 1037 506 1100 παισί
522 1041 587 1110 τοῖς
605 1042 672 1110 σοῖς
693 1033 748 1098 καί
766 1033 882 1115 πᾶσιν,
903 1026 950 1109 οἷς
972 1029 1061 1117 ἔχει,
1085 1026 1125 1098 ἅν
1144 1055 1227 1109 τινες
1247 1032 1322 1101 oide-

236 1142 302 1201 κεῖν
332 1135 511 1215 ἐθέλουσιν,
542 1130 742 1218 ἐπικουρήσει
769 1130 826 1198 καί
861 1134 1104 1218 συνδιοτηρήσει
1133 1131 1191 1219 τήν
1216 1129 1321 1218 α’ρχήν

177 1276 184 1289 ·
236 1235 368 1317 adroic,
400 1229 444 1309 ὥς
466 1226 506 1298 ἂν
529 1233 609 1318 ὑπὲρ
631 1234 754 1298 οἰκείων
784 1236 839 1297 κατ’
859 1236 955 1320 φιλου
975 1235 1031 1297 κατ’
1047 1230 1175 1319 γνησίου
1197 1234 1322 1298 amitus

135 1328 474 1418 ληιλιίγωνιζόμενος.
517 1336 573 1397 κατ’
592 1333 633 1397 σδ
668 1328 723 1396 τὸν
752 1331 915 1397 ἐπίλοιπον
944 1326 1059 1417 ήδιστα
1079 1329 1209 1416 βιώσεις
1230 1335 1299 1417 βίον
1307 1381 1318 1412 ,
1332 1357 1367 1400 to

236 1436 275 1498 oui
295 1436 358 1498 τῶν
379 1431 553 1520 φροντίδων
580 1430 675 1513 μόνον
702 1432 938 1515 ἀπηλλαγμένος
960 1435 1015 1497 καί
1038 1434 1100 1497 ταῖν
1121 1425 1224 1498 ἄλλων
1243 1433 1320 1496 δυσ-

232 1534 339 1617 χερῶν
349 1584 360 1614 ,
380 1525 586 1612 δδπομενεῑς
606 1531 722 1596 ἐκτῶν
742 1530 907 1612 δπονοιαῖν,
928 1529 1007 1596 ἄλλα
1025 1528 1082 1596 καί
1097 1532 1153 1615 τῆς
1179 1531 1225 1607 εἰς
1238 1530 1315 1594 ἐκεῖ·

236 1655 290 1696 νον
318 1631 500 1715 εδεργεσίας
535 1631 675 1713 μεγάλας
707 1623 807 1707 εὐθυς
840 1627 1057 1715 καρπούμενος
1085 1629 1144 1706 τοὶς
1171 1629 1320 1714 α’μοιβδς,

207 1726 475 1814 Βεδφημοίμενος
495 1725 556 1794 siud
579 1727 705 1795 πάντων
732 1730 788 1795 καί
817 1732 874 1815 τῆς
894 1732 1134 1814 μεγαλοψυχίας
1153 1727 1321 1814 &aupald-

235 1852 338 1911 μενος.
377 1827 455 1913 πρὸς
482 1824 605 1906 τούτοις
626 1831 662 1895 δὲ
690 1832 746 1895 καί
772 1827 846 1905 τοδς
868 1830 1083 1915 προσήκοντας
1102 1828 1210 1920 ἐκείνην
1238 1826 1369 1900 πάν-15

234 1952 293 2003 τας
312 1924 431 2003 πολλάς
452 1949 504 1993 σοι
532 1926 668 2013 χάριτας
697 1929 816 1994 εἰδέναι
835 1924 1109 2013 παρασκευάσας,
1137 1932 1193 1995 καί
1211 1923 1320 2015 ὥσπερ

233 2024 301 2091 τισί
320 2028 448 2106 δεσμοῖς
469 2023 639 2112 ἀρρήκτοις
656 2028 782 2102 εδνοιάς
805 2026 911 2112 δήσεις
922 2031 941 2110 ,l
962 2023 1021 2114 ὑφ’
1050 2019 1097 2093 ὧν
1117 2027 1320 2113 ἀναγκασθή-

233 2148 343 2191 σονται
364 2123 417 2190 διὰ
441 2128 514 2207 βίου
535 2128 599 2190 τιὸν
631 2129 677 2200 εἰς
698 2126 843 2206 εὐδοξίαν
863 2124 918 2190 καί
938 2125 1096 2214 ω’φίλειαν
1114 2127 1172 2214 τήν
1200 2126 1260 2212 σήν
1283 2127 1324 2211 ή-

233 2221 352 2288 κόντων
370 2222 507 2310 μηδενός
537 2229 734 2306 καταμελεῖν.
776 2225 820 2301 ὥς
848 2216 905 2289 odo
934 2225 989 2291 tut
1004 2223 1154 2311 μεγάλοις
1189 2227 1323 2310 ἀγαθαῖς

234 2322 464 2406 ἐπιδειξόμενος
483 2322 542 2408 τήν
560 2325 810 2408 μεγαλοψυχίαν,
832 2321 878 2408 μή
898 2326 996 2411 μέχρι
1010 2325 1111 2410 λόγων
1130 2321 1228 2409 μόνον
1247 2322 1370 2408 orei-ao

236 2449 294 2511 σης
337 2423 394 2507 τήν
415 2418 535 2507 ὅρμήν,
558 2421 640 2488 ἀλλὰ
663 2421 702 2488 τοὶ
724 2427 826 2500 καλῶς
852 2427 1087 2508 βεβουλευμένα
1116 2427 1237 2510 ταχέας
1256 2449 1322 2512 φα-

236 2526 329 2609 νήναι
348 2517 405 2588 καί
422 2525 468 2598 είς
487 2519 579 2606 ἔργον
600 2521 759 2607 οἷγαγεόν.”

209 2647 230 2699 c
317 2615 382 2703 μζ.
426 2624 566 2689 Τοιαῦτα
590 2625 650 2706 μὲν
678 2622 829 2706 βασιλεῦς
847 2622 865 2689 δ
886 2621 1150 2712 Καντακουζηνδς
1168 2621 1248 2713 πρὸς
1265 2620 1321 2690 τδν

238 2840 313 2877 nune
331 2824 405 2879 ultro
422 2821 497 2894 apud
513 2823 634 2877 animum
653 2823 839 2894 proposuisti,
863 2824 945 2879 etiarn
965 2842 1046 2897 opere
1064 2826 1124 2898 ipso
1145 2828 1256 2897 explere
1272 2841 1320 2879 vo·

238 2896 341 2960 lucris,
360 2897 395 2948 de
413 2903 441 2949 te
463 2897 522 2964 ipso
541 2906 623 2967 atque
641 2895 675 2948 de
695 2897 745 2948 illo
771 2897 909 2967 praeclare
934 2898 1089 2951 mereberis.
1125 2897 1194 2955 Nasu
1218 2907 1247 2951 et
1271 2899 1320 2950 ille

239 2964 381 3019 absolutus
400 2968 516 3019 vinculis
533 2973 689 3020 constanter
717 2982 749 3019 ac
773 2975 907 3038 perpetuo
924 2966 976 3020 tibi
997 2968 1032 3019 de
1057 2968 1191 3021 beneficio
1209 2977 1320 3038 accepto

238 3039 337 3106 gratias
354 3046 416 3106 aget
432 3054 464 3089 nc
483 3045 511 3089 te
526 3039 617 3089 virunr
633 3053 683 3107 pro
701 3036 773 3091 bene
801 3044 922 3091 merente
947 3048 1075 3108 agnoscet
1093 3038 1172 3092 iactis
1194 3054 1228 3091 ue
1252 3039 1321 3109 ipsis

239 3107 322 3177 digno
341 3107 434 3158 datum
450 3122 509 3159 esse
527 3106 712 3162 demonstrare
730 3109 884 3161 anniteturr
905 3118 967 3179 post
985 3108 1093 3160 obitum
1111 3126 1174 3165 vero
1206 3128 1280 3173 uusn,
1296 3111 1322 3163 sl

237 3178 281 3231 ita
298 3177 428 3239 evenerit,
449 3176 513 3228 filiis
531 3180 586 3230 tuis
607 3180 661 3231 erit
677 3180 769 3230 omnia
789 3186 817 3231 et
833 3196 996 3251 quacunque
1014 3179 1120 3233 ratione
1134 3183 1246 3248 poterit,
1256 3197 1322 3234 con·

239 3255 281 3299 tra
308 3246 434 3298 inimicos
464 3248 503 3299 ela
530 3247 712 3330 opitulabitur
738 3250 964 3320 conservabitque
992 3251 1056 3319 ipsis
1084 3250 1248 3320 imperium,
1270 3267 1321 3321 pro

238 3316 319 3369 amici
338 3318 458 3381 germani
476 3316 589 3381 liberis,
605 3325 734 3389 tanquam
756 3336 806 3387 pro
824 3322 945 3384 suismet,
963 3320 1121 3374 decertans:
1145 3329 1174 3374 et
1198 3326 1230 3374 tu
1256 3321 1323 3373 reli·

239 3404 324 3456 quum
341 3386 413 3437 ritae
431 3401 492 3437 cum
508 3385 678 3439 iucunditate
695 3391 805 3459 exiges,
831 3408 887 3443 non
905 3392 993 3444 anxiis
1010 3400 1116 3444 tanturn
1144 3392 1216 3445 curis
1248 3401 1324 3444 cete-

240 3458 333 3527 risque
353 3456 486 3508 molestiis
508 3474 542 3510 ex
562 3458 718 3526 suspicione
743 3460 918 3514 nascentibus
937 3460 1061 3525 solutus,
1086 3461 1134 3515 sed
1157 3464 1241 3516 etiem
1265 3463 1323 3516 col-

240 3529 311 3579 latae
330 3527 359 3576 iu
378 3529 466 3595 ipsurn
481 3526 780 3598 humanitatismagnos
798 3531 888 3583 statim
900 3531 1004 3584 fructus
1021 3534 1189 3602 percipiens:
1211 3533 1322 3604 ησεπδο

240 3586 352 3667 propter
370 3596 441 3650 hone
465 3600 551 3650 animi
575 3597 750 3651 altitudinem
777 3616 870 3653 omnes
887 3611 915 3655 te
932 3602 1113 3656 admiratione
1132 3610 1162 3657 et
1179 3604 1325 3673 praediea·

239 3670 316 3720 tione
337 3667 466 3721 afficient.
502 3669 560 3721 Hoc
579 3668 692 3738 iusuper
710 3685 886 3741 consequere,
906 3678 937 3723 ut
953 3689 1046 3725 omnes
1065 3675 1123 3725 eius
1142 3676 1249 3743 cognati
1260 3677 1322 3728 sin·

240 3738 345 3808 gulones
364 3735 418 3789 tibi
439 3740 536 3810 gratias
553 3748 633 3809 agunt
651 3746 680 3792 et
698 3741 773 3793 velut
784 3741 928 3794 insolubili
940 3743 1086 3796 'amicitiae
1099 3743 1172 3797 uodo
1191 3762 1253 3798 eunt
1266 3744 1323 3798 tibi

239 3807 408 3876 adstringes,
425 3818 458 3862 ut
474 3810 558 3861 totius
577 3810 636 3861 aevi
654 3811 698 3863 sui
714 3812 848 3866 curriculo
868 3828 977 3867 neeesse
996 3813 1113 3878 habeat,
1138 3813 1225 3879 nihil,
1245 3813 1324 3886 quod

239 3878 274 3930 ad
293 3877 454 3959 dignitatern
474 3888 502 3933 et
522 3879 693 3933 commodum
721 3891 798 3935 tuum
815 3884 970 3951 pertineat,
994 3886 1138 3957 negligere.
1173 3886 1210 3939 Ut
1237 3887 1323 3957 igitur

240 3948 349 4001 eximiis
381 3949 546 4017 quibusdam
576 3952 656 4004 bunis
687 3969 730 4003 ma
748 3953 902 4006 citudinem
930 3954 1015 4008 animi
1045 3956 1230 4009 declaraturus
1244 3994 1253 4020 ,
1285 3970 1323 4008 ne

236 4018 328 4073 verbis
348 4021 536 4115 tantppnmodo
559 4023 645 4085 velis,
670 4022 719 4076 sed
732 3971 811 4076 lene
829 4026 952 4079 consulta
974 4025 1010 4078 ad
1027 4042 1096 4097 opus
1118 4027 1257 4093 conferre,
1285 4040 1324 4080 ne

237 4091 413 4160 procrastino.

308 4160 351 4229 dp.
386 4160 460 4217 llaec
480 4162 682 4217 Cantacuaenar
700 4164 735 4217 sd
753 4163 939 4235 Palaeologum
956 4182 1006 4237 pro
1025 4165 1166 4221 Matthaoo
1184 4179 1323 4221 ecarcere
