2978 4678
456 342 511 406 tu
539 341 820 407 cluanensem
848 348 923 407 uin.
952 338 980 407 t.
1174 315 1258 429 389

207 517 242 556 ro
276 506 356 557 sorte
387 496 577 580 exoptanda,
616 516 695 580 quac
727 498 802 560 sorte
832 499 953 559 fortuna
973 496 1061 559 nobie
1085 494 1189 558 oblatu
1209 499 1258 560 ait.

183 519 273 640 lano
303 582 433 640 nominis
453 589 498 640 est
517 600 535 639 a
556 580 730 652 Mercurio,
763 584 816 663 qui
840 582 961 642 Graccis
976 574 1111 660 Ἑρμῆς,
1135 590 1165 640 et
1192 583 1259 658 viis,

183 663 317 739 nuntiis,
355 661 440 723 luero
473 675 612 744 praeest,
647 673 679 724 et
707 666 738 723 in
766 663 989 746 Amphitruone
1016 663 1117 723 Plauti
1148 673 1192 722 est
1219 666 1261 724 ita

182 742 329 827 loquens:
374 745 456 806 Nam
476 766 530 806 nos
556 745 675 829 quidem
706 745 741 805 id
768 748 829 826 iam
855 749 933 806 scitis
963 765 1126 806 concessum
1149 756 1185 804 et
1203 746 1260 806 da-

183 841 248 891 tum
269 827 350 889 Mitti
380 850 439 888 csse
458 829 497 887 ab
515 827 575 897 diis
594 829 679 905 aliis,
711 831 819 889 manus
844 842 876 889 ut
886 831 1022 926 praesim
1047 841 1076 887 et
1095 828 1186 887 lucro.
1228 828 1259 888 Si

183 908 286 993 plnres
303 913 361 970 iter
380 910 524 983 facerent,
547 921 577 971 et
598 932 678 971 unns
697 910 769 971 boni
790 912 944 993 quidpiam
965 932 996 970 m
1025 910 1073 969 via
1095 912 1192 969 iacens
1213 931 1271 976 res

183 1004 315 1075 peretot,
336 990 400 1070 alii,
423 993 528 1089 qni‘irl
549 1012 650 1054 secum
671 993 777 1075 dividi,
804 1015 857 1055 seu
877 1014 1036 1055 commune
1056 990 1167 1052 vellent
1182 1014 1259 1063 esse,

183 1076 322 1137 dicebant
351 1072 454 1147 κοινὸς
482 1075 601 1157 spuit,
625 1078 733 1138 Latine
752 1080 785 1139 in
805 1096 970 1138 mutinune.
1010 1074 1159 1136 Observat
1181 1077 1261 1135 Tur·
1317 1128 1320 1137 .

184 1159 255 1220 neb.
277 1157 332 1219 lib.
354 1157 407 1219 26.
428 1179 492 1239 cap.
522 1182 530 1218 ι
559 1200 569 1218 .
600 1178 730 1224 norrun.

189 1270 192 1275 »
269 1243 347 1323 Pag.
370 1242 387 1300 3
413 1284 422 1317 ‚
445 1239 478 1320 4.
499 1261 553 1301 και
574 1241 704 1303 addend.
731 1264 766 1304 ex
787 1242 832 1307 Μ.
852 1251 921 1323 post
940 1232 1033 1321 ὀρῶν.

265 1322 344 1404 Pag.
368 1262 418 1398 tl,
462 1371 472 1391 .
497 1320 768 1404 'Aipturoinoitu
795 1324 833 1385 Ρ.
857 1335 887 1384 et
912 1326 955 1383 M.
984 1334 1019 1382 nt
1048 1333 1151 1403 posteo
1180 1322 1262 1402 Χρι-

183 1400 352 1466 metuont
377 1416 407 1466 et
460 1409 487 1467 'a
506 1407 538 1466 id
562 1427 665 1489 genus.
693 1406 757 1469 Nos
776 1414 933 1490 perperam
953 1405 1072 1467 divisim
1091 1406 1264 1488 scripsimus

188 1497 293 1549 centn
317 1507 431 1548 morem
451 1489 543 1550 huius
561 1490 675 1555 aetatis.

267 1569 347 1652 Pag.
360 1573 412 1655 39,
425 1574 456 1633 3.
474 1594 491 1632 e
509 1585 619 1657 gente
645 1572 802 1657 quidem
822 1572 1041 1649 Auriarum.
1062 1569 1112 1631 Ab
1127 1568 1264 1632 Ansaldo

184 1651 283 1714 Auria
306 1670 377 1734 gens
403 1653 567 1716 Auriarum
596 1656 1071 1737 clarissimaoriginem‘lmlrnit.
1112 1654 1263 1714 Amalclus

185 1748 269 1796 natta
290 1750 333 1797 est
351 1757 394 1798 eo:
413 1737 546 1822 quadam
566 1750 706 1800 matrona
719 1738 823 1813 nobili,
842 1740 891 1800 cui
909 1759 1014 1799 nomen
1038 1737 1199 1815 Onesiae,
1221 1758 1264 1797 ea

179 1821 283 1903 prisca
291 1820 435 1899 familia,
461 1819 553 1881 Volta
572 1820 663 1897 dicta,
685 1843 760 1905 quae
779 1842 872 1896 nurse,
903 1819 1094 1893 maluimus,
1121 1819 1264 1879 Cettarreo·¹

183 1923 250 1961 rum
275 1914 332 1962 est.-
351 1923 440 1998 quam
459 1916 656 1987 posteaquam
670 1903 825 1963 Arduima
844 1924 886 1964 ea
900 1904 1060 1988 prouincia
1078 1900 1264 1999 Nanbouemi

182 1983 1002 2144 tttttffltnttpttt'tttttttt
1015 1985 1264 2149 wit

182 2167 251 2209 cum
276 2150 488 2233 prosectionem
513 2153 547 2211 in
574 2149 781 2211 Palaestinam
814 2151 964 2231 religionis
992 2170 1062 2229 ergo
1085 2148 1262 2224 instituisset,
1288 2198 1294 2207 .

183 2250 253 2291 amu
281 2232 415 2292 Genuam
445 2231 579 2309 delean,
605 2234 638 2293 in
660 2232 743 2292 maus
755 2234 1026 2316 praestantissimae
1040 2230 1197 2309 foeminae
1222 2252 1265 2290 ex

184 2316 350 2387 occasione,
369 2329 402 2375 ut
406 2314 464 2400 fit,
480 2316 731 2394 familiaritatem
748 2328 777 2374 et
789 2313 1021 2375 consuetudinem
1040 2313 1165 2389 nunu,
1188 2312 1264 2372 adeo

185 2411 217 2459 ut
230 2398 359 2476 fhrinae
373 2398 593 2480 pulchritudine
612 2397 746 2473 illectis,
763 2397 950 2482 postmodum
974 2395 1006 2455 in
1026 2395 1062 2457 V
1056 2396 1183 2455 oltamem
1201 2396 1263 2475 fit·

187 2481 307 2540 milium
326 2493 469 2560 receptio,
497 2480 542 2541 ad
559 2482 686 2541 rwmirris
711 2495 740 2541 et
752 2480 906 2559 familiae
924 2482 1023 2540 auitae
1047 2475 1261 2558 dffrentiam,

189 2560 284 2623 Oriae
303 2564 407 2623 uzon’s
426 2584 494 2622 sime
517 2583 623 2625 nomen
643 2566 804 2625 retinuerit.
846 2563 966 2623 Bizarus
988 2564 1019 2620 in
1049 2560 1172 2621 historia
1200 2561 1264 2621 Ge·

184 2647 346 2708 anensium
365 2642 421 2705 lib.
450 2664 478 2705 1.
500 2665 627 2707 ronrsn.
667 2644 729 2707 scir
748 2642 863 2725 δορίων
879 2643 986 2743 γένους
998 2645 1041 2711 Μ.
1056 2654 1087 2704 et
1108 2641 1217 2704 deinde
1229 2660 1263 2704 ra

186 2726 281 2812 ipra,
303 2727 384 2809 quod
406 2725 500 2788 alteru
520 2748 626 2787 manns
646 2729 777 2788 correxit
796 2747 831 2787 τε
851 2727 955 2807 (iopen.

266 2810 344 2893 Pag.
367 2812 419 2893 39,
441 2808 470 2888 4.
494 2833 512 2870 e
535 2809 561 2870 S
561 2811 809 2894 pinularnm.
842 2809 972 2871 Familia
996 2805 1190 2892 Spinulnrum
1212 2829 1262 2868 ce·

183 2889 346 2955 leberrima
365 2904 395 2952 et
421 2892 636 2970 laudatissima,
657 2914 674 2953 a
696 2892 836 2953 Gnidone
857 2889 991 2974 Spicula,
1019 2890 1080 2953 Beli
1101 2892 1263 2951 vicecomi-

183 2981 224 3037 tis
246 2975 318 3053 lilio,
339 2976 406 3038 viro
429 2976 546 3058 egregio
568 2978 661 3037 animi
677 2976 868 3060 corporisque
888 2975 1021 3056 dotibus,
1036 2974 1180 3056 originem
1200 2984 1264 3033 tra·

183 3062 236 3121 xit.
276 3059 408 3121 Binarus.
449 3079 576 3131 ronran.

230 3187 234 3195 .
276 3142 353 3223 Pag.
375 3143 428 3225 39,
448 3143 479 3218 4.
505 3163 555 3202 ex
589 3142 893 3204 Temarensium.
942 3139 1094 3202 Plurimus
1121 3140 1268 3199 Genuene

183 3227 262 3286 sium
284 3227 422 3307 antiquas
451 3225 579 3286 familias
608 3238 740 3287 recenset
762 3226 885 3286 Bizarus
912 3221 991 3286 libro
1015 3246 1057 3301 1.‚
1088 3225 1167 3283 inter
1187 3243 1263 3303 quus

185 3307 277 3368 huius
296 3307 380 3369 nulla
406 3310 531 3388 mentio,
562 3307 614 3368 sed
630 3309 708 3368 bene
728 3304 865 3369 additum
890 3305 930 3367 ab
950 3307 1055 3368 eodem
1075 3303 1123 3366 his
1142 3305 1262 3366 verbis:

185 3390 230 3451 Ec
241 3392 401 3477 pleraeque
421 3392 521 3466 alme,
549 3412 680 3476 quarum
698 3392 755 3451 lma
768 3403 935 3475 tempestate
955 3391 1088 3450 exolevit
1105 3388 1261 3461 memoria,

184 3486 215 3534 et
230 3476 289 3533 uix
311 3475 421 3560 aliqua
437 3496 541 3534 earum
557 3487 675 3536 exstant
688 3475 776 3534 ullius
799 3474 938 3558 annqrrae
955 3473 1115 3533 nobilium
1135 3470 1263 3531 indicia.

188 3555 225 3616 V
219 3578 302 3616 erran
314 3559 426 3618 interea
439 3577 498 3617 non
512 3578 558 3616 me
571 3558 653 3634 latet,
671 3570 758 3642 atque
773 3559 891 3618 omnino
913 3556 1078 3617 uerisimile
1095 3564 1146 3628 est,
1163 3552 1265 3636 pluri-

185 3659 251 3698 mar
253 3641 402 3718 familias
418 3659 544 3699 necessu
560 3641 702 3722 temporis
724 3642 833 3701 mirum
861 3642 894 3699 in
915 3637 1036 3698 modum
1049 3649 1222 3695 extenuatas
1237 3647 1267 3695 et

187 3722 362 3801 molinaeus,
387 3743 453 3782 cum
466 3722 536 3780 aliis
545 3723 681 3801 familiis
698 3742 749 3782 um
772 3736 901 3804 tempore
914 3721 1034 3800 integris
1049 3731 1078 3777 et
1086 3717 1266 3803 florentibus

185 3805 350 3881 coaluisse,
376 3818 405 3865 et
422 3805 508 3889 qttasi
531 3806 563 3864 in
585 3826 635 3864 eas
663 3805 765 3865 insitas
782 3816 812 3864 et
829 3803 986 3863 translatas
994 3800 1119 3880 sitisse.-
1143 3800 1219 3860 adeo
1234 3810 1268 3859 ut

183 3889 370 3971 postmodnm
391 3886 501 3947 abolito
520 3899 550 3946 et
566 3888 722 3971 antiquato
742 3887 869 3970 pn'stino
884 3885 1002 3945 nomine
1014 3883 1094 3943 illita
1103 3882 1263 3961 familiae.

189 3971 221 4029 in
245 3991 334 4055 quam
359 3970 568 4040 tramisissent,
598 3991 703 4030 nornen
733 3970 956 4052 assumpserint.
1000 3967 1077 4026 Cum
1099 3967 1264 4047 suspicarer

188 4071 304 4133 porro,
333 4053 460 4134 Raphon
475 4073 509 4113 ex
529 4048 682 4133 Raphnele
706 4063 883 4133 corruptum
903 4070 989 4121 esse,
1018 4051 1076 4110 riri
1107 4046 1264 4111 clarissimi

189 4136 288 4196 Marci
306 4134 420 4197 velseri
440 4136 587 4197 sententio
606 4137 778 4214 opinionem
799 4154 897 4195 meum
916 4133 1113 4195 confirmavit.
1143 4130 1263 4205 Visum,

189 4218 309 4303 impiit,
329 4238 470 4301 monere,
498 4218 656 4303 Raphoucs
677 4214 799 4301 quidem
818 4216 1009 4281 hauddubie
1028 4208 1193 4298 Raphnelcs
1217 4212 1264 4271 ri-
