2926 4688
222 289 252 375 6
675 307 887 377 reuocat

223 486 268 526 res
285 463 416 524 succedit.
451 463 559 521 Oroltm
576 482 636 520 cum
656 478 743 521 usare
759 464 967 548 obiurpottopp
1004 466 1158 523 usmetum
1172 463 1302 521 Εἱώοοω

223 538 352 612 oppidum
373 538 510 591 incassum
522 549 688 608 oppugnant.
723 537 764 589 Dc
772 537 926 589 munitione
939 538 1071 606 Byzantii
1081 550 1108 591 et
1122 536 1224 592 stolido
1235 556 1306 591 con·

222 612 289 663 silio
301 605 449 663 cuiusdam
466 609 587 661 Martini
603 608 663 659 eius
678 605 859 679 oppugnandi
877 604 944 676 (αδ).
978 607 1025 661 Ad
1037 609 1117 663 urbes
1133 609 1212 660 iusta
1228 609 1303 661 Pon·

222 693 278 763 tum
296 681 447 760 imperator
461 677 546 759 mittit
561 675 695 760 subsidio.
728 676 869 759 Sozopolis
894 678 1007 762 superbe
1024 679 1119 732 reiicit
1134 691 1162 731 ct
1181 695 1201 729 o
1222 677 1302 761 Lati.

223 747 1168 895 lt:.5“l{':2·...l3¹*.i.t¹l;323;l‚fl'ttiittssllttoz‘l't'zt
1185 746 1302 870 ..le1

221 888 343 948 Nicolai,
359 884 438 939 ducis
451 886 566 939 Venetae
579 888 685 950 classis,
706 886 850 938 timiditas.
887 885 1043 941 Genuenses
1058 889 1219 941 uincuntur.
1247 889 1304 940 Go-

169 954 175 967 ’
221 959 376 1011 luteorum
402 957 433 1008 in
456 957 604 1009 Catalanos
627 958 777 1028 impostura
794 953 860 1025 (29).
906 957 1107 1020 Genuensium,
1129 958 1301 1020 Venetorum,

224 1028 421 1081 catalonorum
438 1024 538 1080 clades.
575 1025 661 1081 Ducis
679 1027 861 1080 Genuesuium
879 1043 994 1097 magnus
1019 1029 1134 1080 animus.
1169 1027 1303 1080 Nicolaus

222 1099 370 1151 victoriam
383 1093 496 1168 foedat.
539 1095 718 1167 imperatoris
743 1108 772 1148 et
799 1096 998 1149 catalonorum
1022 1095 1102 1150 ducis
1123 1099 1154 1149 in
1171 1115 1230 1149 eum
1248 1098 1303 1148 ira.

222 1168 420 1234 Byzantiorum
433 1167 464 1218 in
477 1166 621 1218 Catalanis
634 1169 757 1235 aegrotis
774 1163 907 1219 curandis
923 1165 1099 1221 memoranda
1117 1170 1221 1221 caritas
1234 1166 1302 1235 (30).

225 1241 381 1293 Genuensts
398 1235 435 1288 ob
452 1234 577 1290 0rclsans
595 1237 728 1290 auxilium
747 1236 905 1305 implorant.
942 1238 1000 1290 Gur
1017 1237 1066 1289 ille
1085 1237 1194 1291 Venetis
1212 1236 1304 1307 insen·

222 1324 277 1360 sus.
312 1306 446 1360 Nicolaus
462 1305 553 1359 denuo
570 1305 786 1375 reprelienditur.
833 1306 1032 1359 catalonorum
1048 1304 1105 1358 dus
1118 1323 1188 1377 prae
1206 1304 1304 1359 dolore

222 1378 311 1430 onitin
328 1377 462 1431 moriture
480 1377 527 1429 cui
542 1377 683 1450 sufficitur
698 1377 838 1435 Monean,
863 1393 941 1447 quem
964 1379 1115 1445 imperator
1131 1373 1170 1428 od
1182 1392 1304 1446 mnam

219 1447 446 1516 irustroincitat.
480 1446 625 1508 Nicolous,
644 1446 793 1507 ntstultus,
808 1444 979 1516 relinquitur
988 1447 1056 1516 (³1).
1092 1446 1209 1499 Classcm
1222 1462 1305 1514 repa-

222 1529 279 1571 rot.
315 1513 501 1579 Grimoaldut,
513 1517 633 1584 Paeoni,
650 1514 729 1569 ducis
745 1516 935 1579 Gennensium‚
954 1532 1102 1577 successor,
1121 1513 1197 1586 apud
1203 1512 1305 1568 Sordi-

194 1630 198 1639 ,
222 1587 299 1638 niam
318 1586 451 1639 uincitur.
493 1589 518 1638 A
542 1586 651 1640 Venetis
670 1587 824 1639 Gcsusenses
843 1583 957 1654 afflicti,
975 1602 1005 1638 se
1023 1586 1148 1656 principi
1165 1583 1305 1639 Mediola-

222 1657 348 1710 nensium
365 1673 425 1710 cum
442 1653 601 1710 conditione
617 1652 779 1710 subiiciunt.
813 1658 838 1707 A
854 1656 969 1723 Pagone
989 1654 1066 1726 apud
1084 1654 1233 1709 Mothonen
1252 1655 1305 1707 Vc·

221 1728 518 1849 b2b⁶‘''o'‘.⁸.”.‘i'.'.‘.'il..
534 1724 1304 1865 bibiliofflb.sb.2⁶iss.⁸o‘{b”³bffi⁶ib

220 1877 282 1921 tero
303 1864 430 1937 filiorum
455 1863 677 1933 Didymoticlsum
694 1864 768 1917 abitt
788 1862 880 1918 eodem
898 1867 979 1919 Irene
997 1882 1056 1923 cust
1075 1865 1209 1935 episcopis
1224 1865 1301 1917 Mat-

221 1935 330 1989 tltotnm
356 1935 403 1988 ilii
425 1936 612 1990 conciliatura
637 1933 828 2007 proficiscitur
844 1935 910 2003 (oo).
950 1936 1132 2006 Polasologus
1157 1932 1301 1988 Mattlsaeo

221 2006 375 2059 absolutam
391 2004 616 2075 gubernationem
631 2006 734 2075 scripto
748 2003 864 2074 firmare
882 2004 990 2066 obnuit,
1014 2016 1043 2058 st
1063 2015 1163 2057 contra
1178 2019 1303 2056 socerum

221 2093 303 2131 arma
320 2073 403 2143 capit
438 2075 609 2129 ldattltaeum
625 2074 809 2145 Adrianopoli
826 2073 945 2129 obsidet:
970 2075 1184 2127 Zernomiasutm
1204 2073 1301 2125 timore

221 2144 443 2217 supervenientis
469 2146 559 2198 soceri
583 2142 717 2200 concedit.
753 2142 999 2216 Adrionopolitoni
1021 2144 1214 2196 Contacuseno
1232 2143 1302 2196 resi·

221 2226 323 2268 nentes
339 2216 494 2269 uincuntur
509 2226 537 2268 et
553 2211 736 2286 diripiuntur.
770 2216 1026 2278 Zernomianenses,
1039 2226 1069 2266 ut
1085 2213 1238 2274 temerarii,
1255 2214 1302 2264 in-

222 2297 379 2339 cursantur.
412 2285 597 2355 Palaeologus
613 2303 665 2356 pro
683 2286 792 2339 auxilio
812 2283 1021 2353 Croli'fratrem
1037 2282 1088 2336 dat
1102 2280 1242 2335 obsidem:
1260 2283 1302 2335 ci-

220 2354 282 2408 dem
305 2356 417 2407 blaesus
438 2352 587 2408 subsidium
611 2355 702 2408 mittit.
739 2355 946 2408 Cantocutsnus
964 2355 999 2406 ab
1020 2351 1146 2405 Orclsone
1164 2352 1301 2404 ciuilium

222 2422 366 2481 contendit
381 2425 451 2495 (tt).
483 2426 573 2478 Moesi
590 2425 688 2478 Persas
702 2425 836 2494 fugiunt,
856 2442 874 2476 a
889 2423 988 2496 quibus
1005 2423 1126 2476 Triballi
1142 2434 1169 2473 et
1185 2422 1303 2473 llomani

219 2496 324 2566 partim
333 2491 496 2557 caesionum,
512 2495 616 2564 partim
626 2497 785 2566 capiuntur.
819 2495 932 2556 Persae,
949 2495 1103 2547 Moesorum
1123 2491 1200 2560 agris
1217 2492 1302 2542 illota

221 2565 366 2626 vastitate,
384 2564 415 2614 in
426 2566 519 2616 Asiam
536 2561 656 2617 redeunt
698 2564 918 2625 Cantacuaenut,
936 2580 1005 2634 paee
1028 2581 1048 2615 o
1061 2561 1231 2630 Palatologo
1254 2561 1303 2612 bb-

220 2645 309 2696 tento,
327 2634 386 2685 eius
402 2631 510 2703 oppidis
525 2633 647 2703 inlesus.
685 2632 863 2688 Chalcidicen
871 2645 984 2704 propter
995 2631 1302 2686 Monbocosincurtat.

220 2701 267 2758 Ad
281 2701 475 2772 Poloeologum
490 2716 585 2772 pacem
601 2714 733 2774 paternam
749 2704 822 2757 scito
838 2700 1008 2764 similitudo,
1031 2701 1079 2754 cui
1097 2702 1185 2754 malos
1207 2700 1302 2754 consi·

219 2773 323 2826 liarios
337 2787 433 2842 pacem
452 2771 628 2843 impedientes
643 2770 788 2826 mabam
808 2773 918 2828 nititur.
952 2772 1136 2841 Paloeologus
1152 2769 1300 2839 desperem

222 2843 254 2897 in
268 2841 406 2897 Tenedum
424 2856 483 2897 tum
499 2858 585 2895 usare
592 2841 680 2912 fisait.
714 2841 785 2895 Eius
792 2840 920 2913 fiminae
941 2841 1004 2892 laus
1031 2842 1132 2895 cointio
1143 2841 1208 2909 (34).
1244 2838 1301 2890 Ura

220 2912 267 2967 bes
283 2912 343 2964 eius
364 2914 584 2965 Catuocuaenum
603 2912 744 2983 accipitutt
755 2910 901 2968 dominum,
935 2913 1017 2964 Irene
1029 2911 1192 2977 Byzantium
1205 2906 1300 2960 scdulo

220 2993 319 3037 otetur·
353 2982 485 3034 Palasolo
503 2998 535 3033 us
552 2978 591 3033 ad
606 2983 715 3035 moenio
732 2983 848 3033 uniens
865 2991 891 3031 ct
921 2997 966 3050 spe
985 2982 1090 3050 lapsus,
1110 2981 1237 3034 Galatam
1255 2976 1299 3031 di·

219 3052 323 3105 vertit:
339 3048 404 3102 inde
422 3052 454 3103 in
495 3047 608 3102 enedum
624 3052 805 3122 renavigant,
822 3047 969 3103 maudicta
986 3064 1127 3104 vectorum
1143 3050 1174 3101 in
1195 3050 1301 3100 Corsto-

221 3132 352 3174 cnunum
369 3116 531 3172 dissimulat.
568 3120 710 3173 Tumultus
729 3120 885 3177 nobilitatis
902 3121 1034 3187 Byzantii
1055 3131 1084 3173 tt
1110 3134 1170 3171 cum
1197 3118 1302 3170 Coruo·

143 3241 148 3247 ,
222 3205 326 3243 cuaeno
351 3190 535 3256 expostulatio
558 3202 585 3241 ct
607 3188 640 3241 dc
668 3186 809 3243 Matthaeo
830 3192 994 3260 imperatore
1015 3185 1187 3259 designando
1202 3189 1302 3258 petitio

219 3259 288 3325 (35).
323 3257 455 3311 Callistus
471 3258 635 3329 patriarcba
651 3260 768 3323 obsistit,
786 3272 813 3311 et
832 3261 916 3333 quasi
932 3262 1026 3312 alieno
1036 3257 1300 3327 locututrapreben·

219 3326 306 3382 ditur.
341 3328 438 3395 Longa
456 3329 594 3390 oratione,
613 3340 645 3382 ut
665 3346 755 3399 saepe,
778 3330 928 3398 imperator
944 3331 1123 3398 suspicionem
1140 3327 1301 3393 tyrannidis
1385 3378 1400 3403 ‚

221 3416 241 3450 a
259 3414 288 3448 se
304 3396 427 3467 depellit,
446 3399 622 3469 iustitiaeque
639 3410 666 3451 et
688 3400 859 3467 integritatis
875 3396 984 3452 laudem
1003 3411 1164 3469 aucupatur.
1200 3399 1307 3452 Paloec

219 3469 328 3536 ologum
336 3466 370 3520 de
384 3468 492 3550 aliquot
505 3469 639 3538 capitibus
656 3482 780 3530 accusat,
798 3466 862 3521 inde
881 3469 1002 3532 probans
1020 3468 1191 3523 Mattboeum
1201 3467 1300 3539 filium

195 3568 199 3576 ·
221 3554 277 3590 non
296 3538 403 3590 iniuria
424 3550 612 3609 imperatorem
635 3540 782 3592 nominari.
823 3539 955 3591 Polaeolo
974 3557 1006 3591 us
1030 3555 1059 3590 tc
1076 3536 1109 3590 de
1126 3537 1232 3590 duobus
1248 3554 1301 3588 eo-

218 3607 322 3679 pitibus
336 3619 438 3677 purgat
459 3610 525 3676 (36).
561 3608 717 3663 Mattbaeut
739 3611 889 3679 imperator
905 3556 1075 3670 decbarattts,
1095 3607 1299 3676 Adrianopolin

219 3678 346 3731 mittitur.
382 3678 496 3731 Callisti
513 3676 623 3732 insede
638 3697 695 3732 non
714 3677 862 3749 repetenda
880 3679 1045 3747 pertinacia.
1082 3676 1124 3730 De
1145 3690 1299 3729 successore

220 3747 280 3800 eius
296 3745 468 3800 deliberatio.
508 3750 597 3801 Citati
623 3749 757 3802 Oenones.
793 3751 946 3818 imperator
968 3759 1108 3820 peccatum
1132 3762 1209 3797 statm
1218 3745 1300 3813 sate-

218 3827 274 3873 tur.
316 3817 474 3871 Pbilotbeus
498 3820 531 3886 fit
544 3818 719 3904 patriarcba.
755 3819 885 3873 cattistm
907 3819 1010 3871 Galata
1028 3819 1060 3869 in
1079 3814 1214 3868 Tenedum
1229 3831 1301 3883 pro·

213 3885 291 3956 fisgit
307 3886 373 3954 (37).
416 3888 567 3942 cmonotto
593 3890 732 3943 Matthaei
755 3900 782 3941 et
813 3888 918 3951 usos-is.
960 3890 1142 3959 Pergamenus
1162 3882 1300 3938 Tenedios

217 3955 365 4008 seditiosus
394 3969 421 4010 et
446 3971 544 4012 auctor
570 3957 749 4027 deleamus,
784 3961 896 4012 uinctus
925 3957 1146 4011 stettabnicam
1171 3955 1299 4012 mittitur.

216 4026 259 4078 Dc
276 4026 368 4079 Persis
389 4030 508 4095 pecunia
528 4044 544 4081 s
570 4029 692 4083 Ylsracia
710 4028 864 4082 educendis.
901 4030 1006 4082 Terras
1023 4039 1111 4080 motus
1131 4026 1229 4093 ingens
1249 4041 1301 4075 m..

219 4094 266 4148 bes
279 4098 441 4166 prosternit,
460 4115 529 4169 quas
547 4096 670 4161 barbari,
690 4111 721 4152 ut
737 4098 870 4161 desertas,
891 4111 1034 4169 occupant.
1069 4092 1300 4166 Sulimaniperft·

216 4163 274 4218 dio.
309 4166 349 4220 Ab
369 4167 494 4235 Orobans
511 4169 661 4238 imperator
678 4169 757 4221 urbes
775 4170 901 4239 repascit,
918 4181 945 4221 ct
960 4170 1009 4220 ille
1019 4168 1116 4238 filium
1131 4163 1170 4219 od
1179 4162 1299 4216 redden-

215 4231 280 4290 dum
297 4234 413 4297 inducit
449 4237 549 4304 Causa,
568 4254 618 4293 cnr
632 4238 838 4296 Cantacusenus
855 4237 894 4293 ad
905 4255 1035 4312 genensm
1050 4234 1226 4292 inTmedun
1239 4234 1298 4289 oel-
