2900 4676
414 233 471 298 ιιι
501 200 779 300 nimaouzmi
806 237 881 303 ιιιι.
901 240 941 299 ιι.
1148 208 1235 312 455

170 427 177 446 .
234 386 396 469 Pag.329,
414 410 461 455 ιι.
480 391 523 450 in
542 408 671 449 arcem
695 388 877 455 Auernae.
901 389 1050 467 Quamvis
1064 391 1180 453 Graece
1193 389 1239 463 εἷς

151 464 202 532 sir
222 473 279 531 rori
299 469 430 548 Ἀνεμοῦ
451 466 645 548 καλούμενον
662 464 792 551 πύργον,
807 483 909 535 tamen
926 473 1073 550 existimo,
1092 494 1154 534 non
1166 486 1239 535 tam

150 553 260 614 turrim
282 553 399 632 solam,
437 576 529 637 quam
551 554 653 616 locum
673 558 846 636 quempiam
873 556 1026 616 munitum
1056 576 1110 616 seu
1137 551 1238 618 a'rcem

150 635 381 715 συνεκδοχικῶς
401 638 549 699 indicaris
571 648 602 699 et
612 639 656 698 ita
676 659 786 699 nomen
800 636 919 720 πύργος
933 638 1056 699 ridetur
1068 637 1141 699 alibi
1158 661 1238 721 quo-

149 739 390 864 ‹puedusulrpaurpt
409 719 685 865 quoscledobservapfli.
705 722 852 865 ί(ἰοιιιιὲιιιί
873 721 1019 865 dicplrentt,
1033 722 1237 867 intdffinBrpg,

151 822 343 967 l'dsllbgoah
363 823 455 970 qliim
478 824 629 971 plurillll
639 825 770 949 milliari.
817 825 906 866 mem
949 825 1022 884 um,
1046 824 1063 865 11
1132 826 1161 866 m
1200 827 1237 866 u·
1319 966 1323 977 ,

158 1016 161 1023 .
232 969 311 1051 Pag.
325 971 400 1053 329,
417 991 465 1052 ¹9·
487 972 599 1031 illum
620 992 764 1034 amore.
806 970 904 1033 Amor
923 970 1112 1052 imperatoris
1134 974 1166 1031 in
1186 971 1238 1032 do·

150 1053 308 1113 mesticum
328 1073 382 1115 seu
405 1054 674 1129 Cantacuaenum,
695 1067 726 1115 et
744 1054 837 1116 huius
856 1057 889 1115 in
910 1052 1010 1131 illum,
1032 1053 1136 1115 multis
1151 1052 1236 1131 locis,

149 1137 328 1217 praesertim
347 1157 402 1218 per
421 1136 505 1199 hunc
523 1147 553 1198 et
572 1141 695 1198 tertium
711 1137 823 1199 librum
840 1148 1044 1199 memoratur:
1078 1137 1136 1197 snit
1156 1140 1237 1198 enim

147 1217 323 1307 singularis²
339 1231 369 1280 et
386 1232 512 1302 possunt
532 1219 565 1280 hi
585 1223 666 1283 inter
685 1219 737 1282 illa
758 1224 843 1304 paria
862 1222 1026 1297 numerari,
1047 1240 1178 1300 quorum
1196 1220 1238 1280 ob

82 1338 89 1351 ι
149 1303 315 1363 amicitiam
333 1302 512 1365 immortalis
532 1314 578 1365 est
596 1307 751 1379 memoria.
771 1305 904 1365 Rursum
926 1325 991 1385 cap.
1025 1303 1103 1363 .lib.
1118 1304 1149 1369 5.
1167 1324 1194 1369 c.
1207 1305 1237 1370 5.

74 1434 85 1447 .
150 1382 185 1462 d.
206 1384 236 1446 6.
263 1382 311 1463 id.
336 1406 386 1453 aa.
411 1385 460 1466 ²4·
481 1388 532 1454 53.
552 1384 603 1469 74.
625 1388 677 1453 82.
735 1386 815 1449 .lib.
831 1388 940 1469 zicnp.
962 1323 1027 1448 ng.
1047 1387 1095 1460 ad.
1117 1387 1238 1446 Omitto

149 1464 235 1529 locos
254 1466 327 1529 libri
349 1471 463 1551 primi,
484 1481 515 1531 et
534 1469 680 1552 insignem
691 1408 788 1531 illuni
808 1491 844 1530 ex
865 1469 1036 1532 testimonio
1055 1471 1161 1530 matris
1181 1468 1236 1530 dn-

151 1551 269 1613 rnestici
292 1571 357 1631 cap.
380 1550 433 1616 28.
455 1553 591 1615 eiusdem
611 1551 694 1614 libri.
717 1573 850 1615 οοιιτιιι.

232 1635 311 1717 Pag.
326 1634 400 1715 330,
414 1657 443 1703 a.
463 1632 512 1699 ἔτι
532 1634 568 1698 tt
587 1634 622 1697 ri
641 1632 736 1713 st’M„
758 1633 858 1698 deleto
877 1646 982 1698 tamen
1002 1631 1038 1698 di
1059 1656 1078 1697 n
1098 1652 1191 1696 mano
1204 1652 1236 1703 a.

211 1719 313 1800 ·Pag.
329 1718 403 1797 5³0,
416 1720 445 1784 3.
465 1716 587 1792 πάντως
603 1720 650 1781 Μ.

159 1848 163 1857 ,
231 1801 312 1884 Pag.
327 1801 402 1882 530,
415 1801 447 1865 6.
466 1793 567 1864 aditi
586 1802 634 1863 Μ.

230 1882 311 1964 Pag.
328 1885 400 1959 330,
420 1886 467 1949 rs.
487 1885 657 1946 πεπεῖσθαι
677 1902 740 1945 οιιι.
758 1882 803 1948 Μ.

230 1965 310 2046 Pag.
329 1967 402 2043 530,
422 1966 466 2029 15.
488 1959 696 2045 αόαβαθμοῦς
718 1966 764 2034 Μ.

229 2047 310 2131 fag.
324 2049 396 2128 331,
413 2070 442 2115 2.
464 2050 519 2131 τῆς
539 2044 664 2131 εἱρκτῆς
685 2050 763 2112 adde
785 2070 821 2111 ex
841 2049 886 2116 M.
907 2059 981 2111 ante
999 2046 1216 2130 ἀπολυθῆναι.

229 2129 1037 2217 Pog.531‚18.apoetisetiistoricis.
1080 2135 1109 2192 A
1138 2133 1271 2213 poetis.
1366 2170 1374 2195 l

146 2212 272 2296 quidem
291 2214 463 2277 celebratur
482 2216 615 2276 amicitia
635 2216 662 2275 P
683 2212 760 2275 ladis
779 2226 810 2275 et
831 2216 971 2293 Orestis,
999 2214 1109 2276 Thesei
1129 2224 1159 2274 et
1178 2214 1236 2274 Pi·

148 2297 255 2376 rithoi,
274 2296 404 2361 Achillis
423 2310 454 2360 et
476 2296 622 2373 Patrocli,
643 2236 709 2357 illisi
732 2308 762 2358 et
783 2297 922 2379 Euryali.
963 2297 1015 2359 Ab
1035 2297 1186 2373 historicis
1205 2307 1238 2357 et

148 2380 216 2441 aliis
229 2382 426 2461 scriptoribus
447 2380 612 2443 Alexandri
636 2382 737 2463 magni
754 2390 786 2440 et
810 2380 1053 2461 Hephaestionis,
1061 2380 1191 2464 Pythiae
1205 2388 1237 2441 ot

147 2464 308 2545 Damonis,
332 2464 562 2546 Epaminondae
581 2476 611 2525 et
625 2462 802 2543 Pelopidae,
817 2463 965 2547 Scipionis
985 2475 1017 2527 et
1036 2462 1142 2525 Laelii.
1170 2463 1237 2524 Neo

147 2545 290 2630 ignobilis
313 2557 358 2607 est
376 2549 409 2608 in
435 2546 547 2609 divinis
569 2546 677 2608 litteris
700 2546 827 2608 Davidis
846 2558 878 2609 et
899 2548 1047 2610 lonathae
1068 2548 1237 2611 arctissima

146 2628 335 2692 familiaritas
369 2642 401 2692 et
428 2631 546 2713 irrupta
574 2628 692 2713 copula.
735 2630 827 2708 Quod
859 2642 960 2693 nutem
989 2631 1104 2693 anthus
1124 2630 1238 2690 dicitur

147 2715 227 2775 alter·
248 2732 327 2793 ego,
356 2713 540 2776 Plutarchus
571 2716 787 2775 commentario
819 2710 895 2796 περὶ
921 2710 1131 2797 πολυφιλίας,
1159 2709 1237 2772 nihil
1323 2718 1327 2730 '

119 2862 125 2875 ‚
147 2797 234 2858 alind
255 2796 313 2858 sibi
335 2795 491 2876 velletrii,
515 2818 608 2880 quam
628 2798 776 2863 binni-tion
790 2819 851 2858 esre
874 2800 1029 2858 amicitiae
1052 2816 1233 2875 mensuum.

146 2879 248 2942 Paulo
270 2891 356 2961 post:
382 2881 490 2965 Itaque
503 2882 594 2942 valde
618 2901 724 2942 amare
746 2894 777 2941 et
792 2883 897 2941 amari
911 2883 990 2942 inter
1011 2880 1118 2940 multos
1138 2878 1236 2937 locum

146 2983 206 3025 nou
230 2964 337 3037 iamt..-
361 2964 418 3026 sed
440 2967 515 3026 stud
530 2984 634 3026 amnes
663 2966 696 3025 tit
722 2964 828 3025 multos
843 2964 940 3024 diuisi
960 2964 1071 3038 alueos,
1096 2960 1260 3020 imbecilli

132 3045 242 3132 stum
265 3068 306 3108 ac
325 3060 443 3109 temoes:
470 3051 512 3109 sic
539 3050 694 3109 uehemens
716 3068 805 3108 amor
827 3048 860 3109 in
879 3048 999 3124 αοίοιο,
1027 3047 1061 3106 ri
1077 3045 1239 3128 dissipetur

145 3131 178 3191 iu
200 3130 318 3209 multos,
338 3145 506 3196 enemromr.
527 3150 655 3193 rounam

228 3212 310 3295 Pug.
323 3214 395 3293 552,
408 3213 442 3276 6.
465 3212 686 3295 ἰοχοροτέροις
705 3201 740 3294 ἢ,
762 3204 782 3272 δ’
803 3232 915 3296 φασιν,
937 3200 1088 3289 dsdyuntc
1114 3227 1235 3289 yacus·

145 3301 276 3375 τρικαῖς.
317 3296 477 3359 Vocantur
505 3289 640 3377 didym
669 3298 794 3358 Graecis
822 3296 1015 3376 probationes
1035 3292 1127 3367 illae,
1155 3312 1235 3374 quae

146 3381 316 3441 necessario
334 3381 542 3460 concludunt,
575 3402 651 3463 quas
670 3390 777 3442 contra
797 3378 898 3440 afferri
920 3376 997 3439 nihil
1014 3386 1131 3458 potest:
1156 3394 1235 3457 quae

146 3461 332 3524 intellectum
352 3466 549 3529 convincunt.
592 3464 753 3526 Anacreon
785 3462 859 3524 dixit
884 3460 948 3522 scir
971 3455 1113 3543 ῥητόρων
1137 3449 1235 3538 didy-

147 3566 236 3624 καις,
258 3548 313 3608 ubi
340 3560 414 3629 puto
432 3548 590 3610 rhetorum
610 3550 734 3608 nominc
753 3546 925 3607 dialecticos
945 3543 1159 3625 accipiendos,
1181 3561 1235 3600 sen

149 3650 212 3690 esse
232 3650 394 3692 commune
413 3653 523 3692 nomen
545 3632 584 3692 nd
604 3630 740 3692 rhetoras
761 3633 881 3710 proprie
901 3628 999 3687 dictos
1023 3636 1063 3686 ·et
1097 3623 1235 3685 dialecti-

150 3732 217 3773 cos:
248 3717 427 3795 praesertim
456 3737 528 3776 curn
544 3712 710 3775 dialectica
743 3713 880 3772 Ciceroni
902 3708 1023 3769 dicatur
1042 3711 1165 3767 astricta
1204 3716 1236 3767 ct

147 3806 302 3875 oontmeta
321 3798 471 3879 quaedam
490 3797 678 3878 eloquentia:
702 3806 736 3856 ut
750 3796 881 3857 vicissim
896 3791 1080 3853 rhetoricam
1096 3791 1235 3851 latiorem
1271 3851 1275 3855 ,

148 3888 179 3938 ct
202 3878 298 3941 susam
319 3880 508 3943 dialecticam
528 3879 680 3962 appellare
707 3878 805 3943 liceat.
826 3870 924 3939 'Strnt
951 3877 1033 3937 enim
1062 3874 1169 3936 ambae
1201 3876 1235 3934 in

91 4026 96 4035 ,
147 3960 321 4025 disserendo
342 3968 464 4048 positae.
485 3985 615 4026 inurar.
851 3972 855 3979 ’

231 4047 309 4128 Pag.
323 4050 397 4129 532,
411 4073 441 4135 7.
461 4037 696 4125 ἄπεδειξάμεθα
720 4046 762 4110 Μ.

231 4130 396 4217 Paesti,
416 4133 608 4204 ro.-tolem
629 4152 720 4212 erga
741 4129 869 4193 Deum
890 4129 1116 4191 caritatem,
1138 4125 1233 4188 Forte
