2926 4688
587 311 695 381 unm
724 248 780 378 iv.
1121 262 1123 267 ⁴
1201 314 1224 398 7

152 473 190 525 let
213 468 363 544 proficisci.
404 467 483 522 Duas
507 465 703 531 Calataeorum
727 468 806 532 urbs's
832 469 863 520 in
880 467 991 536 Scythia
1008 471 1165 527 mmmm
1182 488 1229 523 ss·

150 555 266 615 pugnat.
302 540 482 609 Palaeologus
501 541 663 608 Byzantium
680 541 774 600 venit,
795 539 911 610 papulas
927 542 1119 593 tumultuatur.
1155 543 1228 593 Cast·

151 626 300 665 tactssenus
317 628 376 664 tum
393 626 479 662 uxore
496 607 530 661 de
544 612 696 663 monastica
714 611 776 662 vita
793 626 850 661 eom
868 609 992 662 lectenda
1011 613 1069 681 agit
1085 610 1151 681 (38).
1173 612 1229 664 Pu·

149 700 208 754 gna
233 698 292 734 cum
317 681 490 748 Palaeolago.
534 679 671 734 Plsilotleei
697 681 810 733 monitio
854 697 869 734 s
891 679 1020 733 barbaris
1038 679 1077 734 ad
1093 682 1228 735 auxilium

150 770 209 804 non
226 749 373 804 vocandis.-
390 762 472 819 paset
491 751 638 819 imperator
646 752 714 819 (39).
747 748 932 805 Iledaecensus
978 752 1039 821 puli
1047 752 1144 823 sutor.
1161 749 1229 803 Phi·

148 820 255 874 letheus
274 826 301 874 se
313 821 437 873 'occulits
455 820 537 872 certis
557 818 761 875 conditionibus
780 821 898 873 iuratur.
932 769 1170 891 Pbbpugnaculum
1192 818 1231 872 ad

148 904 259 963 portam
277 908 387 943 auream
405 889 575 943 describitur.
612 891 653 943 De
670 890 796 943 barbaris
816 889 936 943 Thracia
951 889 1098 963 pellendis,
1116 892 1229 962 inques

153 963 252 1014 bellum
269 959 408 1014 dissuadet
422 961 638 1014 Cantacueenus.
673 961 820 1014 Diversum
832 958 865 1012 de
879 962 937 1014 sius
949 962 1075 1014 oratione
1090 959 1230 1017 iudicium.

148 1033 290 1086 Iuniarum
308 1030 470 1082 obtrectatio
491 1029 557 1100 (40).
594 1028 722 1082 Custodes
744 1028 783 1083 ad
805 1041 913 1101 portam
938 1048 1051 1084 auream
1076 1028 1175 1085 dedere
1200 1046 1228 1083 se

148 1103 316 1171 Palaeolago
329 1099 493 1153 abhorrent:
508 1113 584 1152 asten
597 1099 754 1152 Italicarum
767 1086 891 1154 militum.
925 1101 1021 1155 ldinae
1035 1100 1229 1154 Cantaeueeni.

153 1172 266 1225 Veniam
279 1183 393 1240 petunt,
419 1186 509 1222 arcem
528 1168 639 1225 dedunt.
672 1171 854 1241 Palaeologus
872 1171 903 1222 in
914 1171 1052 1242 *palatium
1070 1171 1231 1223 inuitatur.-

67 1244 70 1248 ’
149 1238 191 1293 ad
207 1242 301 1312 epulas
325 1256 448 1293 socerum
471 1241 527 1311 ipse
556 1240 667 1292 invitat.
702 1240 792 1294 Plebis
809 1240 938 1293 tumultus
1006 1252 1069 1313 pter
1090 1242 1232 1293 Cantatu-

148 1328 245 1364 senum
260 1309 376 1364 sedatur
394 1311 461 1378 (bs).
497 1312 579 1363 Soter
596 1326 696 1381 genera
711 1311 882 1364 uoluntatem
894 1327 946 1382 pro
967 1309 1045 1363 tendi
1055 1310 1232 1363 monachismi

148 1379 262 1451 detegit,
283 1393 308 1432 et
326 1396 386 1432 cum
404 1395 489 1431 usare
500 1379 542 1455 stt
561 1378 725 1433 monachus.-
740 1391 844 1433 mutant
912 1380 988 1434 ambo
1003 1382 1126 1433 nomina.
1160 1381 1232 1435 Petit

147 1451 347 1520 Palaeologus,
369 1462 401 1502 ut
418 1455 493 1502 inter
515 1452 601 1520 ipsum
618 1461 645 1503 et
658 1449 754 1521 filium
772 1452 843 1505 uon
881 1468 941 1505 eum
958 1452 1096 1505 resarciat
1117 1468 1232 1504 concor*

146 1519 234 1573 diam.
271 1517 405 1574 Redditur
426 1519 525 1572 throno
547 1522 686 1573 Callistus.
722 1521 893 1590 Nicephorut
911 1520 1023 1593 despota
1039 1519 1230 1596 fidemfallit.

146 1589 260 1645 Foedus
285 1592 360 1643 intes·
379 1592 563 1659 imperotores.
609 1592 758 1662 optimates
779 1593 895 1647 Ioannis
916 1592 1093 1662 impostores:
1116 1603 1232 1661 propter

147 1678 199 1713 eos
228 1659 327 1713 bellum
350 1657 533 1712 recrudescit.-
560 1658 703 1714 Matthaea
729 1676 758 1714 ss
779 1680 835 1734 pur
852 1674 882 1713 ot
898 1658 964 1733 (bs).
1009 1661 1102 1713 Obitus
1130 1661 1230 1714 Cralis.

146 1730 259 1782 Helena
283 1729 422 1781 Cralaena
449 1731 574 1800 imperat.
626 1730 773 1784 Factiones
794 1678 936 1784 nobilium.
976 1730 1147 1802 Nicephorus
1173 1728 1231 1783 du:

148 1800 323 1857 theostum
346 1799 460 1851 obtinet.
502 1800 613 1853 Famuli
637 1802 698 1853 eius
718 1801 833 1856 seelera.
867 1801 974 1872 Regina
991 1818 1063 1854 uxor
1080 1802 1148 1855 Nice
1167 1800 1234 1856 hori

147 1870 326 1933 Byzantium,
344 1864 442 1923 deinde
461 1867 609 1923 advirum
628 1888 656 1924 ss
674 1872 804 1943 confert:
827 1872 859 1923 in
876 1872 1089 1942 Peloponnesum
1114 1819 1167 1922 ad,
1180 1888 1233 1923 ra-

147 1952 217 1992 trem
234 1937 366 2008 perfugit.
400 1939 524 1992 Maritus
537 1928 579 1992 ‘in
600 1942 749 1994 certamine
772 1941 808 1993 ab
827 1941 943 1994 Albanis
959 1941 1148 2013 interficitur:
1170 1942 1233 2010 ipsa

148 2009 283 2075 Byzantii
298 2025 359 2062 cum
377 2020 464 2062 matre
481 2008 643 2063 monacham
662 2009 800 2081 σφω).
837 2009 972 2064 Orchanis
981 2010 1078 2083 filium
1097 2010 1233 2080 spiratis

149 2091 269 2148 captum,
285 2079 427 2147 persoluta
438 2079 544 2148 grandi
554 2082 686 2150 pecunia,
704 2082 808 2135 liberat
817 2082 1010 2152 Palaeolngus.
1046 2081 1233 2137 Triballorum

147 2149 314 2219 principum
332 2150 457 2201 amicitia
472 2167 533 2202 cum
549 2152 743 2205 Cantaeuieno
761 2164 789 2206 et
813 2151 874 2232 eius
888 2151 964 2222 filio.
999 2150 1034 2203 ln
1048 2162 1167 2222 quantas
1182 2170 1234 2203 on·

147 2220 257 2289 gustias
275 2216 405 2271 redactus
419 2219 578 2273 Matthaeus
587 2220 654 2289 (44).
693 2221 771 2273 Urbis
782 2219 858 2273 Phtli
872 2235 970 2290 perum
982 2217 1139 2290 descriptio.
1177 2221 1233 2274 Ca·

145 2288 227 2371 pitter
250 2288 411 2341 Matthaeus
436 2306 454 2340 a
480 2289 699 2360 Philippensibus
721 2294 753 2343 in
772 2239 883 2362 paludi.

927 2291 1149 2360 Gratianopolim
1171 2307 1233 2344 eum

147 2375 210 2411 esus
226 2376 311 2411 ueore
339 2371 367 2412 et
388 2358 484 2411 liberis
508 2362 584 2429 capit
599 2361 793 2432 Palaeologus.
827 2362 852 2411 A
871 2359 995 2413 Boichna
1015 2361 1140 2413 Triballo
1156 2362 1234 2413 Mat·

148 2427 247 2479 thaetu
269 2429 389 2498 pecunia
418 2429 585 2501 Palaeologo
612 2428 755 2488 venditur.
802 2427 895 2482 Utrum
922 2430 998 2483 oculi
1021 2431 1049 2484 ei
1071 2427 1231 2500 ssffodiends'·

146 2494 294 2550 laudatur
313 2498 479 2569 Palaeologi
495 2500 526 2551 in
543 2499 658 2555 eundem
675 2497 888 2554 misericordia:
904 2499 1022 2553 libertas
1037 2499 1151 2569 captivo
1165 2518 1234 2570 pro·

148 2566 270 2619 mittitur
287 2568 352 2636 (hb).
395 2568 605 2624 Cantacuzenus
627 2573 737 2640 gratias
755 2570 816 2640 agit
839 2579 867 2621 et
883 2587 943 2625 eum
960 2586 975 2621 s
992 2567 1118 2621 custodia
1144 2568 1235 2624 studet
1304 2604 1310 2613 -

148 2638 297 2707 impetrare
315 2636 396 2718 (ng
418 2636 505 2690 Ziani
523 2641 554 2691 in
571 2639 725 2720 dugessiam
743 2637 914 2701 monacham,
932 2638 1124 2694 Cantacueeni
1147 2653 1233 2694 antea

149 2710 302 2830 izhttb
318 2705 1167 2847 tibh-..3⁰ht”‘:t.itill⁰“pl.l:lltt.'‘llll‘'
1180 2730 1235 2832 ¹35.

149 2860 235 2918 pater
242 2815 340 2920 filium
359 2864 377 2898 a
396 2844 548 2916 cupiditate
559 2795 675 2917 bbpertt
694 2797 856 2917 distorquere
873 2847 976 2898 nititur
991 2847 1057 2916 (48).
1094 2799 1234 2919 Oblemqpe.

152 2928 201 2969 rat
220 2915 381 2971 Matthaeus
400 2928 429 2968 et
446 2918 535 2975 iurat.
569 2917 753 2986 Palaeologas
766 2918 852 2969 amice
866 2932 968 2969 eumen
981 2928 1121 2968 versetur.
1158 2917 1234 2970 Con-

150 2999 304 3040 tacueenus
324 3003 384 3040 eum
418 2984 517 3040 eodem
546 2998 661 3058 totaque
686 2990 746 3041 eius
760 2986 879 3056 familia
902 2982 943 3037 ad
963 3003 1067 3038 novum
1088 2984 1234 3041 dissidium

150 3058 228 3109 intes·
251 3058 332 3109 illum
355 3067 382 3108 et
405 3072 535 3125 generum
544 3053 711 3126 fisgiendum
728 3058 943 3126 Peloponnesum
958 3058 1039 3125 petit,
1060 3056 1153 3127 ibique
1171 3075 1232 3111 eum

136 3125 235 3198 sratri
254 3126 382 3179 Manueli
396 3124 540 3196 praeficta
560 3124 747 3180 commendat:
769 3139 797 3179 et
813 3123 923 3179 tandem
940 3127 1098 3179 Manuelem
1116 3126 1147 3178 in
1166 3144 1196 3181 se
1215 3144 1235 3180 a

149 3196 400 3269 calumniatoribus
415 3197 556 3248 irritatum
572 3197 670 3264 placat
686 3192 751 3266 (49).
789 3196 921 3248 Callistus
934 3194 1152 3265 patriarchaad
1164 3197 1236 3250 Cra·

147 3265 260 3318 laenam
289 3267 398 3386 Ῑαῖιὲιω
425 3267 600 3326 imperatoris
626 3283 686 3318 cum
714 3265 798 3319 sociis
823 3264 923 3320 ibidem
944 3265 1026 3351 §obit
1045 3336 1051 3347 0
1069 3266 1139 3318 Eius
1170 3285 1234 3320 cor·

145 3353 320 3459 theth?
338 3352 370 3455 i.
383 3334 623 3458 “blfltdlbl
641 3332 1150 3461 ''stt'‘'tlstlzltztdt'llll,
1163 3338 1233 3474 fi*

151 3475 260 3529 Natatu
276 3422 414 3545 inprimi
426 3473 458 3528 di
476 3492 514 3527 net
531 3476 563 3528 ln
579 3425 769 3529 haereatrema
786 3425 859 3528 libro
874 3487 957 3527 sunt:
980 3420 1117 3527 Secubsdag
1131 3408 1236 3529 cambi

150 3549 252 3599 euseni
275 3547 423 3599 coronatio
463 3546 703 3614 canantinopolip
718 3547 799 3615 prior
815 3547 887 3599 enim
904 3542 1091 3614 Adrianopoli
1107 3548 1234 3615 contigit.

150 3614 259 3686 Templi
282 3614 405 3687 Sophiae
429 3615 516 3676 laten
533 3616 681 3686 collapsio,
709 3617 887 3669 instauratio·
921 3615 1042 3682 Nuptiae
1059 3616 1235 3684 imperatoris
1327 3674 1331 3685 .

147 3686 316 3755 Palaeolagi
338 3703 398 3738 cum
423 3685 542 3749 Helena,
566 3686 757 3741 Cantacuseni
765 3686 844 3760 filia.
885 3685 1006 3739 Litterae
1029 3697 1057 3736 et
1080 3686 1234 3753 legationes

149 3756 227 3809 inter
246 3757 410 3809 Clementem
426 3756 472 3806 Vt.
489 3756 649 3827 pontificem
666 3768 695 3809 et
714 3757 937 3810 Cantaeueenum
955 3771 1037 3825 super
1047 3754 1174 3808 barbaris
1184 3774 1235 3828 op·

144 3825 309 3896 pugnanda
325 3840 352 3880 st
371 3824 524 3879 concordia
539 3825 729 3883 eethsiarum
767 3827 873 3881 Bellum
885 3826 989 3878 navale
1006 3841 1066 3876 eum
1081 3826 1234 3881 Galataeis.
1275 3828 1280 3839 ’

150 3896 237 3949 Chius
261 3898 355 3950 insula
382 3913 402 3947 a
425 3897 614 3949 Genuensibus
641 3909 762 3968 recepta.
806 3897 858 3950 ass
874 3908 965 3963 gestas
983 3896 1015 3947 in
1037 3896 1234 3966 Peloponneso.

149 3966 268 4037 legatio
287 3968 478 4020 Cantacuseni
501 3964 541 4018 ad
559 3967 704 4021 Sultanum
724 3966 841 4038 Aegypti
866 3977 894 4017 et
914 3965 972 4018 eius
997 3969 1147 4032 responsio.
1182 3968 1236 4020 lies

151 4035 421 4092 thessalonicenses.
458 4035 562 4089 Contra
578 4036 755 4092 Barlaamum
772 4051 801 4090 ee
822 4032 995 4103 Acindynum
1017 4034 1146 4102 synodus.
1182 4037 1238 4088 Ni-

152 4106 267 4228 till?
285 4106 716 4231 ⁶ttuz‘l“522533.2...¹523:
734 4120 864 4232 :33:322
877 4105 1238 4228 ‘ltstt'tlttlllbtt

154 4195 315 4302 estombli
319 4248 482 4304 uulnerum
495 4259 522 4303 et
540 4262 640 4320 aegras
656 4196 854 4320 Byebntiorum
871 4244 974 4303 ciuium
987 4194 1139 4301 lasallnbilisv
1159 4246 1236 4300 cari·
