2908 4678
448 266 505 330 An
532 262 812 329 camacuzmr
846 265 921 327 un.
951 267 1007 329 ur.
1176 236 1260 324 535

179 441 286 482 manus
302 416 487 484 Graecorum
503 421 695 505 lmperatoria
712 418 852 480 Baldulni
871 418 910 480 11.
931 412 1080 503 symbola,
1100 439 1179 506 qnae
1193 424 1262 508 qui·

173 505 250 565 ‚clem
268 505 342 565 haec
363 507 490 568 luerintr
526 504 682 588 calyptra,
705 502 820 564 formae
841 502 957 565 Latinis
985 505 1116 565 usitatae
1128 515 1158 565 et
1172 510 1262 569 unin-

181 588 272 649 nibus
294 588 435 650 distincta
446 634 457 667 ,
488 610 558 650 curn
582 588 684 671 lapillo
706 586 792 647 rubri
817 585 926 648 coloris
948 589 981 645 in
1001 587 1114 647 vertice
1132 592 1237 672 capitis
1250 610 1268 667 ς,

180 668 379 733 calceamenta
398 693 488 734 cocco
512 674 627 748 tincta;
653 668 788 754 gladius,
807 671 918 752 vagina
943 668 982 730 de
1003 671 1134 732 coccinei
1151 673 1262 741 coloris

180 755 276 816 rerico
297 754 395 834 sarta,
416 756 552 820 vestitus.
572 774 701 816 aornar.

261 838 422 923 Pagfipp,
435 836 464 917 ά
487 839 615 898 Citari
622 858 640 898 o
647 834 750 980 gali.
789 834 910 897 Turcaa
934 845 1043 897 vocant
1063 834 1154 899 hodo
1178 838 1260 900 Che·

179 920 306 1001 repolin.
347 921 399 982 Ab
421 920 596 983 Atheniensi
619 922 644 981 C
669 919 732 980 aria
765 917 845 979 dicta
874 919 938 981 fuit.
979 918 1055 979 Nam
1082 926 1260 1004 praepotens

178 1005 256 1063 mari
277 1002 408 1087 populus
424 1002 617 1065 Atheniensis
639 1014 711 1064 ante
734 999 848 1061 bellum
870 1000 1167 1084 Peloponnesiacum,
1211 1027 1262 1066 ro-

177 1095 246 1167 pter
267 1087 496 1171 amplitudinem
530 1086 631 1150 classis
662 1096 693 1147 et
715 1105 805 1146 usum
836 1104 940 1145 rerum
966 1085 1139 1165 navalium,
1166 1027 1261 1149 Ciier·

177 1189 320 1231 rouesum
353 1192 423 1232 cum
469 1171 576 1231 maiori
620 1180 705 1251 parte
736 1167 906 1229 maritimae
937 1168 1086 1230 Thraciae
1123 1191 1158 1230 ac
1193 1173 1261 1232 Ma-

84 1262 89 1287 *
179 1251 351 1332 cedoniae,
387 1274 457 1314 curn
491 1252 639 1313 Perintho
666 1254 765 1331 (uerno
796 1250 969 1324 Arachlea,
998 1251 1080 1333 quod
1110 1252 1190 1319 idem
1217 1265 1262 1316 est

178 1355 250 1395 cum
273 1337 415 1397 Heraclea
429 1344 455 1415 ‚)
486 1357 557 1397 cum
587 1334 745 1417 Selybria,
772 1355 841 1394 cum
863 1337 929 1416 ipso
955 1335 1099 1418 Byzantio
1128 1339 1261 1417 posside-

179 1415 254 1479 hat:
295 1421 327 1478 in
353 1440 447 1502 eaque
482 1418 549 1480 loca
584 1417 676 1479 cernel
704 1427 879 1498 occupata,
912 1418 1045 1479 colonias
1074 1416 1260 1499 deducebat,

177 1500 369 1585 Thucydide,
390 1502 594 1588 Xenophonte
616 1512 706 1585 atque
735 1500 802 1562 aliis
824 1501 949 1563 testibus
970 1512 1025 1562 etc.
1047 1501 1258 1565 leunclavius.

178 1601 312 1651 roacare.

259 1666 418 1749 Pagiflo,
429 1667 459 1736 5.
479 1667 594 1731 velut
614 1684 727 1752 aper.
768 1662 843 1727 ideo
864 1666 969 1728 Horat.
999 1665 1069 1727 Ode
1093 1687 1124 1726 a.
1146 1666 1260 1749 Epocl,

176 1748 265 1809 Maro
285 1751 388 1833 ecloga
415 1773 462 1816 ro.
484 1773 568 1813 aeres
601 1751 796 1811 nominarunt
816 1769 927 1830 apros,
957 1748 996 1808 ad
1016 1761 1157 1809 naturam
1178 1749 1261 1812 illius

175 1829 289 1895 hestiae
310 1834 513 1896 truculentam
535 1834 738 1915 respicientea.
778 1831 923 1892 Eiusdem
941 1843 1101 1908 naturam,
1122 1853 1261 1913 praeser-

173 1916 229 1974 tim
250 1918 495 1979 a⁰veoatoribus
524 1917 712 1998 exagitatae,
739 1916 824 1995 ponit
856 1927 926 1977 aute
956 1915 1060 1978 oculos
1091 1914 1262 1986 luculenter

173 1998 312 2080 princeps
333 2010 422 2080 poeta
443 1998 499 2061 lib.
514 2020 577 2061 1002
602 1998 648 2060 Ac
672 1996 760 2060 uelut
779 1997 834 2058 ille
858 2016 973 2060 eanum
992 2018 1092 2060 morsu
1111 2000 1150 2059 de
1169 2020 1260 2060 morr-

171 2080 251 2142 tibut
271 2080 346 2143 altis
367 2095 455 2146 octus
476 2104 555 2165 aper
572 2093 634 2143 etc.
657 2096 789 2144 ronrar.

254 2163 458 2248 Pag.494,n.
488 2166 620 2226 amori
646 2162 816 2247 puellae
843 2163 1011 2246 penitae
1036 2163 1259 2225 succubue-

171 2256 252 2308 rat.
293 2250 323 2308 Ο
346 2251 490 2309 miserum
511 2246 678 2315 Gabalum,
699 2256 735 2304 ut
759 2265 792 2305 se
813 2245 1016 2306 excarnificari
1037 2246 1150 2307 frustra
1177 2248 1261 2308 sinit.

171 2328 252 2388 Mira
268 2341 363 2404 sunt,
385 2320 465 2414 quae
487 2331 611 2414 quidam
631 2328 673 2390 oh
696 2348 830 2389 amorem
852 2326 1016 2390 mulierum
1050 2329 1262 2413 puellarumve

67 2480 71 2491 1
172 2407 316 2491 leguntur
335 2413 454 2491 secisse,
485 2435 539 2476 seu
558 2413 718 2475 honestum
741 2422 772 2472 et
795 2409 934 2491 licitum,
962 2411 1045 2494 quod
1072 2430 1121 2473 eae
1151 2430 1262 2474 uxores

172 2506 327 2573 cuperent,
348 2518 402 2557 seu
429 2509 549 2579 turpem
572 2507 603 2558 et
627 2498 764 2558 vetitum.
806 2495 905 2578 Caput
929 2508 975 2557 cet
994 2495 1076 2578 apud
1097 2498 1260 2557 Iovianum

172 2574 349 2639 Pontanum
369 2577 448 2640 libro
467 2581 568 2662 priora
585 2579 623 2642 de
642 2578 830 2652 fortitudine,
852 2599 914 2661 quo
930 2578 1032 2660 docet,
1048 2581 1100 2664 qui
1117 2579 1158 2641 oh
1171 2601 1259 2641 amo-

179 2678 246 2720 rem
270 2672 416 2745 pugnent,
439 2662 532 2725 fortes
549 2683 611 2724 non
629 2678 706 2723 esse·
727 2681 856 2729 roncare.

263 2744 340 2826 Pag.
356 2743 430 2830 497,
454 2766 505 2812 ao.
533 2738 666 2828 χηρείαν
693 2743 750 2824 τῆς
775 2737 946 2825 θυγατρός.
987 2744 1051 2805 Cur
1069 2744 1260 2821 viduitatem,

180 2844 249 2885 cum
269 2848 331 2888 non
351 2839 427 2890 esset
449 2831 572 2891 vidua?
593 2848 649 2890 nec
673 2830 753 2888 enirn
770 2846 839 2887 mrm
863 2848 1018 2911 quoquam
1038 2838 1132 2910 nupta
1150 2828 1261 2889 suerat.

179 2906 239 2968 Sed
270 2911 465 2988 iureconsulti
488 2914 580 2975 etiam
614 2910 750 2972 nondum
770 2920 896 2992 nuptam
918 2911 1069 2992 appellare
1091 2909 1188 2972 solent
1211 2913 1260 2972 vi·

179 2989 282 3060 duam.
324 2995 477 3074 Quoniam
501 2994 615 3058 scilicet
645 2993 738 3055 vidua
766 2993 846 3055 dicta
875 2995 916 3054 ait
946 3004 981 3055 ut
1008 3015 1136 3071 vecors,
1173 3016 1260 3055 vesa-

178 3094 257 3153 nus,
277 3079 332 3160 qui
354 3080 420 3141 eine
438 3079 548 3160 corde,
568 3079 633 3141 sine
654 3080 781 3139 sanitate
797 3086 893 3139 esectr
924 3087 956 3138 et
976 3075 1030 3139 illa
1049 3079 1114 3139 sine
1134 3077 1260 3144 duitate.

177 3176 310 3221 aanrar.
718 3172 722 3181 ⁴
1058 3194 1061 3201 ,

259 3241 336 3326 Pag.
354 3244 430 3328 499,
451 3243 482 3307 5.
511 3242 750 3308 uidebatur
784 3242 867 3305 ribi
904 3241 1064 3306 sedere.
1119 3243 1168 3305 De
1200 3241 1261 3303 hoc

176 3328 295 3387 somnio
315 3328 425 3389 viderit
447 3327 562 3408 lector,
584 3327 660 3411 quid
681 3326 802 3401 sentiat,
832 3336 863 3386 et
888 3326 1043 3408 quemodo
1073 3340 1180 3409 verum
1200 3327 1260 3405 sit,

137 3464 139 3475 ,
177 3409 260 3490 quod
278 3410 319 3471 ait
339 3422 462 3494 postea,
485 3413 528 3475 sio
553 3411 699 3473 evenisse.
739 3409 906 3471 Commixta
934 3421 1004 3471 sunt
1035 3420 1139 3471 autem
1167 3409 1261 3472 verba

175 3496 341 3574 scripturae
360 3506 480 3556 sanctae
501 3506 531 3557 et
558 3495 764 3565 consarcinata
783 3493 962 3576 aliquoties,
982 3505 1019 3555 ut
1038 3497 1164 3573 nescias,
1185 3490 1263 3575 quid

177 3596 214 3636 ex
237 3597 301 3658 quo
320 3577 388 3637 loco
408 3577 587 3640 adducatur.
606 3596 732 3641 enarra.

260 3659 484 3742 Pagfiooml.
504 3661 686 3722 uidimus
704 3660 922 3722 vaticinia
946 3659 1042 3720 hoec
1060 3657 1260 3724 everrisse.

178 3739 261 3803 Infra
281 3764 351 3804 mox
374 3742 473 3820 dicit,
492 3742 531 3804 ad
553 3746 646 3825 quem
678 3753 781 3804 autem
804 3743 981 3824 pertinuerit
1006 3741 1065 3802 hoc
1085 3740 1260 3820 samnium,

178 3842 273 3906 neque
294 3825 386 3888 hodie
402 3825 485 3890 latet.
525 3825 609 3886 Haec
626 3827 791 3907 pugnantia
814 3837 896 3887 sunt.
918 3842 1052 3886 ronran.

263 3908 462 3993 Pagmocss.
483 3909 691 3970 sectandum
723 3910 900 3993 quietem.
941 3909 1135 3970 Somniorum
1156 3907 1261 3968 ohser-

178 3992 351 4056 vationibus
371 3992 465 4055 dediti
484 3992 607 4054 fuerunt
627 3995 808 4055 recentiores
828 3988 947 4068 Graeci,
972 4004 1034 4053 non
1056 3991 1147 4053 modo
1171 3991 1261 4065 intra,

179 4074 232 4135 sed
253 4086 284 4136 et
302 4076 395 4138 ferme
418 4098 509 4159 supra
529 4075 678 4152 modum,
701 4075 788 4139 obliti
810 4074 893 4138 illius
912 4075 1082 4139 Ecclesiam.
1099 4074 1155 4136 5.:
1201 4071 1264 4134 Ubi

178 4159 273 4222 meter
294 4174 362 4225 mne
378 4164 509 4241 romam,
525 4160 679 4247 plistiam!
697 4173 764 4227 srmt
783 4161 942 4226 vanitates.
982 4160 1025 4224 Et
1053 4157 1134 4221 illiue
1154 4153 1261 4221 Eccle-

1429 3630 1431 3703 l

1428 3706 1430 3801 l
