2900 4676
448 276 504 342 an
531 273 812 343 mmacuzmr
840 276 915 341 un.
941 277 968 338 r.
1170 248 1257 353 itt

223 446 255 495 ea
277 439 309 492 et
330 428 362 490 id
383 448 478 512 genus
495 427 567 505 alia,
587 447 696 489 rerum
714 425 807 487 ctiam
833 424 874 486 ab
894 424 968 508 ipsis
989 421 1186 491 mhhmatids
1204 439 1260 490 aut

195 514 331 575 aereticis
351 521 526 595 patrentur,
557 511 622 572 sine
642 530 745 570 rerum
766 508 804 571 ad
830 507 986 571 ecclesiam
1006 528 1110 571 veram
1138 515 1259 593 proprie

171 598 388 680 pertinentium
410 594 586 656 ministerio.
627 592 780 675 Equidem
799 611 861 653 non
887 594 1012 674 ignoro,
1044 591 1157 655 multos
1189 598 1259 676 pie·

169 691 233 742 tate
252 689 283 741 et
302 678 439 741 doctriua
458 685 642 760 praestantes
656 677 739 737 viros
758 695 833 749 esse,
856 677 910 757 qui
928 684 1049 756 putent,
1057 676 1159 737 Deum
1172 698 1257 739 uun·

171 783 265 846 quam
297 760 360 823 ullo
387 762 539 829 hacoefico
567 770 620 821 aut
639 756 829 821 schismatico
860 759 907 821 uti
924 759 960 819 iu
981 756 1137 820 effccdnne
1163 761 1257 822 mira-

171 846 326 919 culorum,
348 865 384 906 ac
407 844 534 926 proinde
556 841 706 926 quidquid
739 844 772 903 in
792 840 851 903 hoc
872 862 981 925 genere
998 841 1129 916 iactent,
1151 842 1185 903 id
1205 854 1255 903 to-

169 939 245 990 tum·
256 930 522 1002 commentitium,
550 947 664 991 vanum
688 937 718 987 et
738 923 887 993 frivolum
919 946 991 987 esse.
1031 924 1255 991 Praedicabant

169 1011 346 1075 Donatistae
368 1013 453 1075 varia
472 1009 635 1088 mnemia,
666 1009 720 1074 sed
743 1031 780 1072 ea
798 1010 901 1073 ornuia
919 1008 970 1072 vel
990 1017 1027 1069 ut
1043 1010 1147 1071 inania
1167 1031 1254 1071 eom·

169 1105 295 1170 menta,
306 1094 357 1157 vel
375 1105 411 1157 ut
430 1114 511 1157 vana
531 1094 664 1157 ludibria
677 1095 781 1157 reiecit
800 1103 923 1155 senonas
940 1093 1140 1175 Augustinus,
1164 1114 1256 1155 rern-

167 1199 238 1241 rum
268 1177 485 1241 miraculorum
511 1176 646 1260 alioquin
674 1177 956 1241 observantissimus
991 1186 1022 1239 et
1049 1178 1257 1243 resumamus

168 1261 290 1335 vindex,
312 1272 349 1325 ut
369 1282 405 1324 ex
427 1260 482 1327 tib.
503 1281 554 1327 ne.
576 1262 615 1323 de
639 1260 762 1324 civitate
782 1260 842 1325 Dei
864 1257 972 1342 liquet.
1012 1258 1063 1323 ab
1096 1258 1155 1321 hac
1182 1280 1254 1321 sen-

167 1345 264 1409 tentia
283 1353 364 1407 stare
381 1343 502 1407 videtur
532 1346 734 1427 experientia:
764 1365 836 1406 eum
864 1344 947 1409 enim
976 1343 1129 1407 innumeri
1155 1334 1254 1425 'prope

167 1425 312 1487 haeretici
331 1429 470 1510 aprime
489 1423 728 1511 evangelii'ortu
747 1428 937 1507 exstiterint,
962 1424 1013 1487 via
1032 1436 1134 1489 tamen
1151 1424 1255 1489 ullum

167 1510 365 1591 reperiemur,
378 1531 470 1593 quern
488 1511 705 1575 maculosum
727 1512 826 1595 gratia
855 1508 999 1573 claruisse
1029 1519 1168 1571 veterum
1195 1530 1255 1571 au·

167 1591 251 1657 mles
270 1603 440 1673 testentur,
475 1604 530 1655 aut
560 1597 586 1657 si
616 1593 717 1678 aliqua
737 1590 883 1659 miracrrla
903 1588 1042 1657 nonnulli
1063 1592 1168 1654 fecisse
1194 1594 1254 1657 visi

167 1686 259 1754 suut,
289 1673 337 1737 illi
357 1685 425 1758 post
445 1675 619 1760 diligentem
651 1678 875 1760 inquisitionem
895 1687 927 1737 ct
947 1677 1163 1757 inspectionem
1188 1696 1254 1741 nen

167 1758 384 1825 miraculorum
405 1757 579 1835 effectores,
611 1761 666 1823 sed
685 1760 859 1823 seductores
884 1769 915 1820 et
935 1759 1112 1841 impostores
1142 1759 1252 1841 depre-

166 1841 253 1905 hensi
272 1853 355 1921 sunt,
378 1862 448 1903 cum
467 1843 499 1907 in
519 1842 644 1904 ecclesia
664 1841 813 1907 catholica
831 1852 862 1904 et
873 1842 1010 1905 Romana
1027 1843 1153 1924 permui
1175 1844 1254 1906 serie

165 1942 321 2007 nunquam
341 1923 503 2000 defuerint,
524 1928 578 2006 qui
601 1946 650 1987 res
672 1936 757 1987 extra
776 1945 899 1989 omnem
912 1937 1039 1987 naturae
1100 1936 1252 2003 testatem,

165 2008 378 2088 omnipotentis
387 2006 493 2071 dextra
504 2009 613 2089 adiuti,
625 2007 789 2073 efficerent.
809 2008 874 2073 Nec
885 2006 1052 2071 ohstatillu
1082 2008 1252 2073 Maurae

163 2089 257 2151 Multi
275 2090 377 2153 dicent
399 2092 476 2153 milri
495 2093 529 2154 in
558 2092 621 2157 itta
641 2092 713 2155 die:
735 2092 889 2170 Domine,
911 2090 1066 2165 Densius,
1105 2111 1201 2152 emme
1217 2093 1252 2153 ia

164 2176 736 2341 ffliaihmamiiiriii
758 2196 897 2335 ”hinni
907 2171 1252 2340 “tittt‘mtt

164 2339 237 2400 noni
261 2359 332 2400 nos:
353 2361 415 2401 non
437 2342 521 2401 enim
542 2339 719 2422 intelligitur
739 2340 779 2402 de
801 2339 960 2403 haereticis
982 2349 1013 2401 et
1042 2338 1249 2417 schismaticis,

164 2421 218 2485 sed
237 2421 276 2483 dc
295 2421 469 2485 orthodoxis
490 2422 562 2503 illis,
582 2427 647 2506 qui,
664 2425 727 2486 vita
745 2423 884 2505 impmhe
901 2432 1065 2501 ueneacta,
1077 2421 1152 2485 hine
1167 2432 1251 2487 extra

164 2504 278 2586 gratiae
301 2514 414 2569 statum
441 2508 583 2588 migrent.
626 2507 739 2572 Videat
764 2505 858 2569 lector
887 2504 1071 2569 cardinalem
1091 2505 1250 2570 Bellarmi·

163 2608 239 2655 eum
259 2586 339 2650 lihro
358 2586 388 2667 4.
420 2587 459 2650 de
477 2589 602 2652 ecclesie
620 2611 688 2675 cap.
713 2588 762 2670 14.
825 2589 944 2668 Quodsi
963 2588 1038 2651 haec
1066 2592 1173 2673 opinio
1190 2588 1249 2653 ati-

163 2673 213 2737 rui
235 2673 335 2734 minus
353 2671 485 2735 arrideat
505 2673 736 2756 contendatque,
758 2673 860 2735 Deum
877 2671 1042 2756 aliquando
1060 2677 1152 2737 etiarn
1172 2673 1248 2735 hae·

163 2754 265 2819 seticis
284 2765 315 2817 et
341 2754 538 2819 schismaticis
564 2776 613 2817 ras
648 2777 740 2839 supra
767 2767 908 2825 naturam
927 2756 1038 2839 agendi
1070 2756 1247 2819 facultatem

163 2832 279 2920 largiri,
303 2840 329 2898 is
352 2839 394 2900 ita
414 2840 524 2900 sentiat
542 2839 630 2902 licet:
658 2850 795 2901 auctores
815 2842 923 2915 enim,
951 2838 1068 2920 quihus
1087 2860 1121 2903 se
1140 2839 1245 2901 desen-

163 2919 225 2998 det,
248 2919 361 2982 hahere
381 2921 501 2983 videtur
520 2932 658 2985 sanctum
678 2922 929 3005 chrysostomum
947 2931 978 2982 et
997 2922 1200 3006 Euthymium
1212 2923 1245 2983 in

162 3023 227 3086 cap.
249 3024 282 3085 7.
313 3004 472 3081 Matthaei,
494 3005 608 3068 Bedam
627 3015 658 3066 et
676 3004 940 3088 'theophylactum
961 3003 993 3065 in
1013 3026 1078 3149 cap
1097 3026 1130 3090 q.
1147 3003 1247 3071 Marci

162 3096 193 3146 et
212 3093 350 3149 sanctum
371 3087 576 3171 Augustiuum
595 3086 691 3166 tint.
707 3087 745 3150 de
766 3109 912 3153 consensu
925 3087 1051 3170 Evange
1065 3088 1112 3150 ‘st
1125 3110 1192 3170 cap.
1202 3089 1246 3166 5.,
1296 3120 1300 3125 ·

161 3169 215 3250 qui
230 3170 418 3232 arbitrantur
444 3170 551 3252 illum,
580 3175 634 3255 qui
658 3171 756 3234 Marci
775 3192 806 3255 9.
831 3182 862 3233 et
883 3172 1036 3269 Lucaeq.
1061 3171 1095 3233 in
1118 3173 1245 3234 nomine

161 3251 275 3319 Christi
292 3253 450 3319 daemonia
466 3254 606 3318 eiiciebat
623 3265 654 3317 et
679 3254 719 3316 ah
733 3254 874 3338 apostohs
896 3253 1070 3337 prohibitus
1086 3255 1162 3333 fuit,
1185 3274 1243 3317 nee

160 3335 220 3398 lide
233 3359 289 3400 nec
310 3358 438 3421 corpore
452 3337 566 3402 Christi
585 3337 775 3421 disciplinam
793 3349 931 3403 secutum
952 3358 1029 3401 esse.
1071 3340 1243 3421 Utcumque

160 3419 210 3494 sit,
233 3420 292 3482 hoc
304 3420 397 3484 tirum
421 3432 582 3523 ratumque
599 3433 730 3497 maneat,
753 3442 821 3487 eam
841 3432 1020 3506 potestatem
1036 3442 1100 3484 non
1116 3421 1243 3484 concedi

160 3502 192 3564 iu
207 3504 465 3569 confirmationem
479 3506 629 3589 emmer,
648 3502 697 3568 vel
712 3507 745 3567 iu
766 3507 973 3569 testimoniam
988 3505 1154 3568 sanctitatis
1167 3505 1242 3567 hae-

160 3589 244 3651 retici
265 3598 319 3650 aut
336 3589 530 3669 schismatici,
550 3589 605 3674 qui
630 3610 667 3652 ee
680 3610 772 3671 opera
792 3590 921 3673 perficit,
943 3610 1016 3651 cum
1032 3588 1116 3651 nulla
1129 3589 1243 3649 meoti-

159 3677 221 3734 tare
241 3671 282 3735 ait
301 3672 468 3759 praeditus,
490 3673 544 3736 sed
563 3673 630 3737 dari
645 3693 665 3734 a
685 3673 753 3735 Deo
776 3673 816 3734 ad
838 3672 973 3755 aliquam
988 3670 1141 3753 publicam
1160 3670 1242 3737 utili·

159 3760 262 3834 tatem,
283 3766 320 3818 ut
342 3767 388 3818 est
406 3759 503 3839 gratia
519 3758 666 3830 sanitatis,
690 3755 870 3821 nominatim
891 3754 945 3819 illa
959 3754 1087 3817 curandi
1109 3766 1242 3819 strumas

158 3837 1030 4007 liminii?hiliii‘ri‘ffilitdlffirilil?
1052 3834 1241 3991 ‘limdiii

1028 3967 1038 4002 Ὶ

159 4001 343 4071 Wilhelmus
363 4008 502 4071 Toocler
521 4008 555 4070 iu
577 4007 668 4083 libro,
695 4008 745 4070 cui
777 4007 884 4070 titulus
904 4006 1063 4069 charisma
1099 4006 1162 4068 sive
1183 4005 1240 4067 do·

158 4104 231 4147 num
249 4093 424 4169 marierun,
457 4090 529 4154 licet
549 4090 763 4157 Geuehrardus
785 4093 819 4154 in
843 4090 1037 4174 chronologia
1062 4089 1163 4162 dicat,
1183 4088 1240 4150 do-

156 4189 234 4234 num
251 4166 311 4237 hoc
327 4175 440 4262 aliquot
465 4176 612 4242 duntaxat
634 4195 741 4260 regum
763 4196 841 4262 esse,
858 4196 922 4243 uon
945 4176 1092 4245 omnium·
1131 4170 1239 4238 Sedsit
