3020 4684
482 250 765 344 ureronlluuu
792 280 844 342 ur.
867 282 920 354 ³9.
1148 249 1231 345 285

152 438 212 505 κοῦ
235 436 294 500 cod
312 436 467 518 βασιλέως
488 431 663 510 δεδοικότες
687 431 823 515 δύναμιν
830 483 840 514 ,
871 422 1017 522 (ἤλπιζον
1042 435 1104 523 γάρ
1135 429 1390 517 adstruentes

156 531 269 601 αότίκα
288 533 448 618 χωρήσειν
468 534 521 597 ἐπὶ
540 529 680 622 μάχην,)
700 536 936 598 συνεστέλλοντο
957 537 1012 600 καί
1032 531 1234 622 ὑπεχώρουν.

156 633 305 716 βασιλεὺς
327 634 362 697 δέ
383 627 400 695 ό
424 630 685 716 Καντακουζηνὸς
702 634 774 698 ἐπεί
792 628 925 696 πύθοιτο
946 629 1038 699 ἔνδον
1056 635 1234 714 Βυζαντίου

158 726 231 798 όντα
254 731 389 814 βασιλέα
409 730 464 796 τόν
486 729 649 815 γαμβρόν,
679 729 716 796 τό
742 733 802 814 μέν
835 731 890 795 ent
914 731 1024 815 μάχας
1043 741 1160 820 χωρεῖν
1184 737 1270 801 scic

127 833 275 920 5pdvouc
295 829 470 917 α’πηγόρεοε
489 829 684 913 παντάπασι,
719 826 878 916 παρόντος
899 833 934 895 δέ
954 829 1010 896 καί
1030 834 1180 920 Κυδάνη,
1200 827 1237 912 ός

155 930 246 999 ἔνδον
264 935 432 1014 βασιλείων
453 932 607 1014 διέτριβεν
627 931 694 1013 δεῖ,
722 925 760 994 osi
779 926 873 1012 μόνον
895 927 948 996 διό
970 930 1028 1015 τὴν
1054 933 1238 1018 εόμένειαν,

155 1028 197 1116 ἢν
223 1027 339 1115 πολλὴν
363 1027 458 1111 ,παρά
491 1029 647 1112 βασιλέως
679 1031 878 1112 ἐκαρποῦτο,
917 1024 985 1094 ἄλλ’
1016 1023 1065 1096 δτι
1092 1031 1148 1096 καί
1174 1042 1239 1110 τοῖς

156 1129 322 1214 πράγμασι
339 1131 487 1211 μεσάζων
509 1123 648 1213 ἀνάγκην
670 1122 755 1212 εἶχεν
782 1123 835 1195 ist
855 1136 997 1194 συνεῖναι
1021 1130 1151 1211 βασιλεῖ
1182 1130 1238 1196 νό-

157 1253 240 1312 κτωρ
263 1229 319 1292 καί
338 1231 413 1310 μεθ’
433 1227 573 1312 ἡμέραν,
593 1225 673 1314 πρός
692 1228 826 1313 Εἰρήνην
849 1230 1002 1311 βασιλίδα
1027 1228 1084 1315 τὴν
1105 1238 1240 1314 γυναῖκα

111 1321 255 1400 recines.
272 1327 327 1408 „st
341 1327 401 1405 μέν
416 1323 461 1411 μὴ
478 1322 629 1412 πρότερον
640 1327 783 1392 ἐδέδοκτο
798 1325 873 1411 ἡμῖν
891 1330 954 1392 τάν
963 1327 1155 1413 πραγμάτων
1165 1329 1241 1396 cisu-

157 1432 275 1510 χωρεῖν
297 1423 354 1488 καί
386 1427 451 1489 τῶν
484 1423 654 1509 θορόβων,
684 1424 739 1489 καί
760 1428 908 1509 μοναχάν
937 1427 1084 1505 ἐνδόντας
1107 1431 1238 1512 σχῆμα,

158 1523 237 1609 πρὸς
261 1523 318 1611 τὴν
339 1526 516 1605 μέλλουσαν
543 1524 664 1608 ἐκείνην
694 1516 837 1589 εὔκλειαν
861 1525 1041 1609 ἐπείγεσθαι
1074 1527 1131 1591 καί
1149 1529 1243 1591 eddo-

159 1627 248 1706 ξίαν,
277 1624 369 1688 otidis
390 1617 431 1687 άν
450 1616 489 1707 ἧν
510 1617 769 1707 ἀναγκαιότερον,
804 1622 881 1689 eddi
909 1626 1031 1705 μᾶλλον
1056 1628 1243 1691 λυσιτελοῦν
1291 1660 1297 1679 =

160 1725 195 1788 έν
217 1725 261 1812 τῷ
282 1719 416 1809 παρόντι
443 1716 465 1805 ἢ
491 1719 549 1806 τὴν
576 1718 729 1806 στρατιάν
758 1719 975 1806 α’ναλαβόντα,
1003 1732 1122 1809 χωρεῖν
1156 1722 1239 1790 esi-id

112 1825 224 1897 ι5το3ν
245 1823 424 1904 πολεμίων,
459 1822 516 1885 καί
541 1823 711 1907 φείδεσθαι
736 1820 892 1907 μηδενός,
923 1822 1005 1887 άλλά
1036 1821 1090 1888 διά
1112 1822 1273 1898 πάντωνι)

159 1922 263 2001 ἰέναι,
299 1914 393 2004 άχρις
414 1914 454 1985 ds
476 1915 678 2000 έξελάσαιμεν
702 1921 758 2004 τῆς
781 1919 910 1996 πόλεως·
943 1918 960 1986 i
979 1922 1117 2004 μάλιστα
1140 1922 1241 2011 ῥᾷστα

158 2010 197 2082 όν
217 2014 504 2102 κατειργαοάμεθα,
526 2012 601 2082 όοον
621 2014 683 2082 α’πό
704 2041 739 2082 τε
763 2019 820 2101 τῆς
844 2021 971 2085 ἐκείνων
991 2017 1246 2103 άδυναμίοςκαό

159 2119 216 2201 τῆς
234 2116 390 2201 ἡμετέρας
409 2115 575 2199 δυνάμεως
595 2113 662 2182 ἔστι
693 2115 915 2200 στοχάζεσθαι.
956 2120 987 2185 εἰ
1007 2122 1044 2186 δέ
1073 2120 1188 2185 νικωοί
1208 2141 1244 2185 τε

161 2216 278 2300 ὁμοίιος
296 2216 352 2281 καί
369 2217 561 2301 ἡττωμένοις
577 2212 613 2281 τό
633 2217 695 2280 τῶν
715 2214 906 2300 πραγμάτων
920 2220 1099 2301 άναγκαίως
1117 2218 1246 2303 πρόκει-

114 2339 213 2383 soter
232 2315 424 2403 ἀποχωρεῖν,
444 2316 482 2380 τί
497 2317 550 2380 δεῖ
560 2315 667 2403 φόνων
681 2315 737 2380 καί
756 2316 900 2397 πολέμων
923 2313 1020 2401 ἡμῖν,
1041 2318 1135 2382 οόδὲν
1151 2318 1246 2383 πλέον

79 2428 86 2443 “
162 2419 287 2496 ἕξουσιν
307 2418 342 2480 iu
359 2411 496 2495 τούτων,
528 2407 628 2498 ἢτάς
656 2414 691 2477 ἑκ
720 2417 785 2479 τῶν
811 2414 917 2500 φόνων
939 2419 1069 2500 κηλῖδας
1097 2415 1154 2483 καί
1171 2416 1287 2494 τοόςἾ.
1309 2429 1362 2500 690

163 2514 217 2580 διά
237 2515 309 2598 βίου
330 2515 387 2580 τοῦ
409 2509 589 2589 συνειδότος
617 2509 739 2589 δεινοός
760 2515 921 2600 ἐλέγχους,
947 2516 1006 2602 (tu
1031 2513 1094 2602 γάρ
1123 2512 1181 2593 τάς
1212 2518 1247 2582 ἐν

162 2617 206 2703 τῷ
226 2618 371 2697 μέλλοντι
390 2617 451 2702 βίῳ
481 2621 547 2689 τοῖς
568 2614 700 2677 τοιαῦτα
727 2616 884 2694 τολμῶσιν
913 2614 1120 2697 α’ποκειμένας
1151 2641 1250 2699 τιμω·

163 2719 264 2803 ρίας,)
286 2709 367 2782 άλλά
386 2711 433 2796 μή
455 2707 623 2798 πρόφασιν
643 2709 701 2796 τόν
721 2712 878 2794 βασιλέως
894 2717 1048 2796 θεμένους
1069 2715 1248 2800 ἐπιδημίαν,

164 2918 218 2974 qne
236 2901 377 2959 subduxit.
413 2898 616 2951 Cuntscuzenus
637 2896 685 2950 ubi
705 2913 833 2969 generum
848 2901 973 2968 Byzantii
991 2915 1051 2953 esse
1068 2899 1194 2963 eudislt‚
1215 2901 1252 2951 cd

163 2953 321 3025 condictum
348 2969 500 3040 caedesque
523 2968 672 3038 procedere
697 2984 807 3039 prorsus
833 2972 932 3022 noluit.
986 2971 1130 3025 Praesente
1160 2979 1253 3025 eutem

167 3042 292 3112 Cydone,
312 3045 360 3116 qui
380 3045 411 3096 in
430 3042 503 3111 regis
521 3049 579 3092 erat
597 3037 733 3102 assiduus,
749 3055 806 3090 non
823 3041 912 3093 solum
937 3038 1002 3112 qula
1024 3043 1182 3111 imperatori
1209 3059 1254 3095 ea·

165 3115 299 3177 sissimus,
318 3114 367 3166 sed
386 3114 451 3183 quis
471 3112 555 3163 etiem
572 3110 739 3180 privatarum
759 3127 849 3165 rerum
876 3127 965 3163 comes
994 3126 1104 3165 necesse
1131 3111 1254 3163 habebat

165 3185 201 3236 eb
219 3200 252 3237 eo
271 3200 323 3238 nee
343 3193 444 3246 noctu,
468 3196 520 3235 nec
540 3180 663 3232 interdiu
682 3179 844 3244 discedere,
869 3182 967 3233 lrenen
994 3183 1193 3250 imperatricem
1210 3182 1254 3235 iris

165 3255 280 3307 vocibus
298 3254 487 3323 compellavit:
505 3250 668 3322 „Siquidem
686 3251 802 3303 antehac
818 3250 899 3304 uobis
925 3268 980 3304 non
996 3256 1117 3305 stetisset
1134 3269 1149 3302 s
1169 3268 1255 3323 nego·

166 3325 215 3377 tiis
232 3339 265 3377 ue
281 3323 448 3379 tumultibus
466 3321 594 3376 recedere
612 3328 651 3383 et,
670 3323 821 3375 monastice
838 3329 914 3376 veste
942 3321 1064 3386 indutos,
1081 3324 1116 3375 nd
1133 3324 1256 3376 loturum

168 3397 244 3447 illam
262 3397 374 3466 glorium
406 3395 558 3448 cleritatem
582 3408 616 3444 uc
643 3390 793 3455 festinare,
819 3392 891 3445 nihil
917 3396 1022 3445 eratin
1042 3408 1170 3461 praesens
1196 3401 1253 3445 tem

167 3468 348 3519 necessarium
367 3475 478 3537 umque
495 3411 670 3531 fraudemur,
686 3479 778 3533 quum,
795 3470 890 3516 coacto
909 3463 1007 3526 milite,
1025 3466 1152 3533 protinus
1177 3464 1258 3517 obsi·

167 3552 210 3588 ern
228 3537 269 3591 irc
286 3537 414 3590 hostibus
433 3552 464 3588 ec
482 3549 592 3605 parcere
611 3546 721 3601 prorsus
739 3534 863 3598 nemini,
894 3532 981 3586 donec
1000 3548 1093 3586 omncs
1113 3534 1182 3587 urbe
1208 3551 1258 3586 ex·

166 3608 349 3676 pulissemus:
368 3607 443 3677 quod
461 3605 534 3663 lectu
553 3604 716 3656 facillimum
734 3602 854 3667 luisset,
875 3611 1008 3675 quantum
1028 3619 1062 3655 ex
1083 3604 1193 3656 illorum
1213 3605 1259 3655 in-

167 3678 297 3731 firmitate
317 3686 347 3731 et
363 3677 465 3730 nostris
488 3672 593 3728 viribus
618 3674 772 3726 coniectore
797 3675 871 3726 lieet.
908 3675 1101 3726 Verumtamen
1120 3676 1144 3726 si
1161 3672 1259 3735 nobis,

162 3760 216 3800 seu
233 3750 383 3810 vincemus,
400 3763 449 3800 seu
468 3748 619 3806 vincemur,
636 3741 680 3794 his
700 3743 780 3795 rebus
800 3742 953 3796 valedicere
974 3759 1084 3795 necesse
1103 3752 1162 3805 est,
1188 3743 1258 3816 quid

166 3834 258 3888 pugne
276 3818 454 3873 coeredibus
480 3815 569 3884 opus?
603 3814 640 3866 Et
667 3830 729 3865 cum
754 3814 827 3867 nihil
852 3813 917 3867 inde
944 3814 1123 3867 emolumenti
1142 3814 1178 3867 ad
1203 3828 1254 3868 nos

169 3889 281 3951 redcat,
309 3890 364 3942 uisi
382 3889 457 3943 lebes
486 3886 571 3938 enimi
595 3883 631 3937 ob
661 3886 776 3935 effusum
804 3885 963 3954 sunguiuem
990 3891 1019 3936 et
1045 3885 1075 3937 in
1104 3887 1179 3938 omni
1200 3888 1259 3938 vite

169 3973 243 4009 acres
261 3961 489 4013 conscientiarum
503 3956 619 4018 stimuli,
642 3959 691 4027 (ut
717 3961 821 4007 tceesm
844 3956 878 4006 de
904 3954 1047 4023 suppliciis
1070 3954 1261 4009 huiuscemodi

169 4028 342 4098 patrantibus
372 4032 401 4083 in
423 4031 545 4082 lutururn
572 4024 722 4095 repositis‚)
749 4041 797 4075 cur
814 4042 870 4080 non
896 4026 991 4094 potius
1012 4027 1185 4096 imperatoris
1210 4026 1262 4078 ed·

170 4104 283 4151 ventum
303 4102 471 4153 occasionem
491 4097 583 4151 omnis
611 4094 756 4148 deserendi
776 4097 891 4149 lecimus
912 4103 940 4149 et
968 4098 1050 4148 soluti
1071 4105 1179 4150 nostrae
1209 4094 1262 4147 soli

171 4169 362 4225 inservimus?
404 4169 511 4240 Quodsi
535 4169 608 4220 inter
641 4166 729 4218 fllium
755 4173 783 4218 et
807 4183 936 4238 generum
962 4169 1133 4239 restinguere
1157 4165 1264 4219 bellum
