2926 4688
446 287 735 356 msromruuu
763 290 821 356 tv.
843 297 896 363 ιο.
1155 262 1212 353 65

116 465 212 520 στοας
232 424 301 525 μέν
312 438 454 511 ἔκτεινον
478 447 542 512 τάκ
560 444 755 532 duplicique,
775 438 861 512 εἷλον
876 447 913 512 δέ
927 443 984 512 κατ’
1000 447 1121 526 ζῶντας
1136 452 1290 518 not-se.
1304 464 1370 537 ¹³⁴7

116 545 203 619 λούς.
244 540 338 608 ἔπεσε
367 546 404 610 δὲ
423 548 480 610 κατ’
509 543 528 608 ό
551 548 660 631 ἕτερος
681 548 743 611 τῶν
763 550 945 631 στρατηγῶν
968 545 1055 611 κατά
1071 546 1132 632 τὴν
1149 547 1215 630 μύ-

113 668 194 728 χνμ,
214 644 484 730 Καραμαχούμετ
503 644 825 731 προσαγορευόμενος.
843 643 876 711 ,ό
898 648 935 711 δὲ
954 642 1076 728 λοιπός,
1091 650 1216 731 Mapo-

114 740 292 827 τουμόνος,
311 744 433 829 ὀλίγους
450 747 514 811 τῶν
534 747 569 810 έν
588 750 633 834 τῷ
656 745 774 811 adarim
790 743 826 811 τό
847 739 1021 811 ἀποθανεῖν
1039 747 1214 831 διαφυγόν-

87 842 179 909 imno
200 843 304 927 ἔχων,
325 849 398 909 ’τεόν
426 845 532 910 ἵππων
551 838 729 928 ἀποβάντες
752 840 842 935 λόφῳ
873 842 1124 930 προσεχώρηοόν
1152 870 1214 912 τινε

115 942 175 1009 καί
190 940 401 1021 καταστάντες
413 945 575 1029 ἠμύναντο
589 941 757 1028 βάλλοντες
771 953 902 1028 συχνοῖς
916 950 984 1019 τοῖς
999 946 1125 1025 βέλεσιν
1147 944 1211 1010 ἀπό

112 1047 174 1108 τού
194 1040 300 1132 λόφου
320 1043 395 1121 τούς
417 1044 614 1129 Ῥαμαίους,
643 1048 699 1109 κατ’
718 1042 858 1121 πολλούς
877 1045 1067 1128 ἐτίτρωσκον
1085 1068 1211 1129 στρατι-

114 1139 198 1220 uisae
218 1167 253 1210 τε
273 1143 329 1209 κατ’
349 1147 478 1220 ἵππους.
499 1142 650 1219 κελεύσας
669 1141 735 1210 δέό
756 1140 912 1226 βασιλεύς
927 1144 1127 1227 ἀποσχέσθαι
1145 1144 1211 1227 μό-

112 1267 173 1329 χης
190 1240 228 1309 τό
241 1242 454 1330 στρατόπεδον
464 1295 475 1327 ,
487 1245 580 1329 έγγὺς
591 1241 756 1328 γενόμενος
771 1239 890 1326 ου’τός,
904 1245 1028 1309 ἐκέλευε
1041 1252 1108 1323 τοῖς
1120 1248 1237 1330 nep-s

74 1367 187 1419 τοοαις
207 1351 411 1429 προσχωρεῖν
432 1345 519 1435 αύτῷ
528 1394 539 1427 ,
558 1346 658 1430 μηδὲν
678 1340 913 1421 ύποπτεόοντας
932 1339 1048 1409 δεινόν.
1087 1334 1127 1429 ἦν
1145 1341 1208 1429 γάρ

114 1438 225 1519 αότοῖς
246 1445 304 1508 ου’κ
326 1438 505 1527 ἄγνωστος,
524 1440 676 1522 πολλάκις
695 1441 949 1530 συστρατεύσασι
974 1439 1056 1508 κιττοὶ
1075 1441 1132 1508 τόν
1152 1447 1211 1509 τοῦ

112 1542 276 1630 ἐμφυλίου
297 1544 436 1625 πολέμου
455 1541 580 1626 χρόνον.
624 1540 657 1609 oa‘
676 1546 707 1610 d'
720 1542 846 1631 ἔφασαν
864 1541 991 1629 γνώμης
1020 1546 1081 1625 μὲν
1108 1537 1211 1620 ούτυς

44 1674 48 1685 ·
111 1639 221 1726 ἔχειν,
252 1641 295 1720 ὥς
325 1643 360 1707 ἐν
386 1649 452 1718 τοῖς
476 1637 586 1719 όπλοις
612 1641 825 1728 ἀποθνήσκειν
856 1643 1050 1727 ἀμυνόμενοι
1079 1640 1137 1709 καί
1162 1640 1209 1731 μή

109 1744 369 1826 καταπροΐεοθαι
388 1739 447 1818 τάς
464 1745 523 1808 τού
542 1740 703 1823 σοάζεοθαι
721 1745 872 1819 έλπίδας·
893 1740 938 1827 μή
952 1744 983 1807 δ’
995 1741 1212 1810 ἀλλάττεσθαι

68 1839 264 1913 ιὸδουλείαν
284 1838 422 1927 αἰσχράν
442 1840 499 1911 aad
520 1842 636 1928 ἀγεννῆ
650 1845 724 1910 ἀντό
742 1846 804 1908 τοῦ
827 1845 1030 1926 μαχομένους
1057 1846 1210 1926 γενναίως

111 1936 336 2026 ἀποθνήσκειν.
378 1941 479 2006 ositeri
514 1943 551 2008 δέ
580 1946 751 2019 καλοῦντος
770 1939 827 2007 καί
846 1941 1028 2019 κελεύοντος
1048 1939 1207 2029 θαρῥεῖν,

110 2035 153 2115 ὥς
174 2039 270 2106 cicer
289 2039 528 2122 ὑπομενοῦντας
542 2043 666 2124 ἀγεννές
678 2093 687 2121 ,
701 2039 878 2128 προθύμως
897 2042 1087 2127 έγχειρίοειν
1106 2044 1206 2128 σφοῖς,

109 2142 166 2205 κατ’
184 2140 365 2226 προσῄεσαν
384 2141 522 2222 αύτίκα,
550 2141 607 2207 καὶ
639 2139 877 2228 περιιστάμενοι
906 2140 1121 2227 προσεκύνουν
1151 2139 1210 2205 καί

108 2237 287 2324 ἠσπάζοντο
306 2237 380 2315 τούς
399 2237 513 2323 πόδας,
524 2239 621 2324 μόνον
637 2241 763 2326 ἔχοντες
783 2244 818 2309 έν
838 2245 958 2324 μέσοις.
979 2242 1237 2323 διαλεγομένουῦ

67 2340 146 2405 ουδὲ
165 2340 288 2404 ἐκείνου
308 2346 373 2441 τρῖς
392 2340 542 2427 Πέρσαις
562 2340 620 2407 καὶ
644 2341 703 2428 τήν
733 2340 961 2427 ἀγνωμοσύνην
982 2338 1206 2424 ὀνειδίζοντος,

109 2433 157 2505 ότι
175 2443 241 2504 τῶν
259 2442 363 2526 φίλων
383 2431 472 2518 ὅντες
492 2441 719 2528 στρατεύσειαν
740 2445 795 2507 ἐπὶ
812 2440 870 2526 τῆν
893 2440 1015 2507 ἐκείνου
1025 2489 1037 2520 ,
1058 2437 1207 2527 Νικηφό-

109 2561 165 2625 ρος
190 2538 364 2625 δεσπότης,
382 2539 399 2607 ό
418 2546 576 2625 βασιλέως
595 2543 752 2629 γαμβρός,
769 2540 849 2626 μετά
872 2565 968 2608 τινων
987 2534 1106 2627 ἑτέρων
1125 2534 1206 2607 νέαν

106 2637 386 2724 έξεύπατριόῶν,
406 2641 521 2730 ἀταξίᾳ
538 2638 734 2727 χρησάμεναι
747 2647 803 2708 καί
819 2643 974 2729 ἀβουλίᾳ,
995 2640 1030 2704 όν
1048 2643 1120 2728 χρῷ
1140 2664 1206 2708 κιν-

108 2734 209 2806 δύνου
229 2740 426 2826 κατέστησαν
438 2737 491 2807 τόν
510 2741 657 2823 βασιλέα.
684 2738 806 2827 ἀθρόον
817 2740 879 2827 γοὶρ
898 2746 965 2814 τοῖς
985 2739 1206 2825 περιεστηκόσι

182 2892 223 2946 ιγ.
242 2871 310 2930 siet
326 2874 354 2927 1³.
443 2878 484 2933 re.
501 2877 664 2948 προσίεσαν
683 2876 711 2929 P.

107 3031 237 3086 praesens
260 3022 378 3069 mortem
405 3014 575 3083 effugerunt,
600 3012 866 3077 cumulaturum,
884 3015 973 3069 altero
993 3014 1075 3078 duee,
1091 3012 1208 3068 desertis

109 3087 206 3158 equis,
224 3087 323 3139 collem
341 3087 480 3158 quendam
505 3091 692 3155 occuparunt,
720 3086 794 3139 unde
813 3086 909 3139 crebro
928 3088 957 3138 iu
975 3084 1110 3139 Romanos
1133 3085 1209 3137 incu-

107 3158 198 3211 lantea
226 3158 384 3230 multosque
411 3165 440 3209 et
458 3171 546 3227 equos
572 3163 601 3207 et
618 3156 722 3206 milites
749 3158 942 3220 vulnerantes,
965 3174 1025 3210 sese
1050 3156 1207 3211 tuebantur.

106 3229 261 3299 Imperator
278 3229 335 3280 suis
356 3226 533 3291 edicens,uti
551 3243 643 3295 pugna
659 3225 968 3298 abstinerent‚propior
987 3227 1090 3291 sactus,
1115 3228 1208 3280 Persas

107 3314 137 3352 se
156 3297 260 3352 dedere
278 3298 447 3363 iussit‚uihil
466 3299 574 3367 gravius
586 3297 781 3351 formidantes:
795 3306 855 3350 erat
872 3302 945 3351 enim
964 3299 1019 3352 illis
1037 3297 1113 3351 haud
1130 3298 1209 3366 igno-

108 3377 167 3431 tus,
201 3372 306 3440 quippe
328 3370 440 3455 quicum
464 3370 574 3492 saepius
592 3367 668 3423 bello
689 3369 763 3421 civili
783 3369 976 3422 militaverant
1013 3370 1071 3438 Qui
1092 3368 1210 3421 affirma·

107 3448 193 3504 runt,
221 3443 251 3494 in
279 3456 360 3493 arnus
384 3456 434 3512 pro
453 3455 483 3490 se
525 3438 667 3492 imitantes
693 3448 801 3509 paratos
822 3441 1001 3504 occumbere,
1019 3456 1071 3491 nec
1087 3440 1210 3491 abiicere

107 3527 185 3579 rpem
204 3511 382 3572 sslntis‚ncc
397 3525 457 3560 cnm
474 3526 606 3578 generosa
616 3516 704 3562 morte
722 3512 753 3562 in
769 3510 878 3581 proelio
899 3520 1007 3580 turpem
1027 3519 1056 3561 et
1073 3509 1210 3562 abiectam

108 3582 270 3635 servitutem
295 3589 460 3635 commutare
485 3581 566 3634 velle.
610 3580 733 3634 Vocante
756 3590 849 3635 antem
875 3596 908 3634 eo
938 3579 1123 3652 hortanteque
1131 3616 1139 3641 ,
1167 3579 1210 3633 nti

108 3651 296 3716 confidentes,
316 3651 389 3703 nihil
406 3668 483 3703 secus
500 3666 645 3722 parsnros,
669 3651 791 3705 libenter
811 3668 841 3704 se
864 3649 1026 3714 traderent,
1048 3654 1140 3705 stetim
1159 3667 1210 3702 ac-

109 3730 268 3786 cesserunt,
285 3730 314 3775 et
331 3720 505 3785 circumfusi,
524 3740 587 3774 eum
605 3724 695 3774 solum
714 3724 744 3775 in
765 3723 859 3785 medio
881 3720 1017 3775 habentes
1044 3721 1211 3786 adorarunt,

110 3794 193 3865 eique
212 3794 297 3864 pedes
316 3794 434 3847 osculati
453 3802 527 3848 sunt.
564 3792 628 3864 Quo
647 3793 712 3847 illos
731 3794 891 3864 alloquente
910 3800 939 3845 et
957 3792 1085 3863 iniquum
1103 3790 1209 3847 lacinus

110 3866 313 3934 exprobrante,
323 3864 408 3935 quod,
423 3863 504 3915 amici
520 3881 582 3918 cum
601 3872 711 3925 essent,
726 3866 757 3917 in
775 3881 851 3916 suam
869 3864 1039 3934 provinciam
1056 3862 1210 3927 irruissent,

110 3933 282 4006 Nicephorus
302 3934 425 4005 despota,
446 3951 540 4005 gener,
559 3952 620 3987 cum
634 3934 856 3989 adolescentibus
874 3934 1038 4007 quibusdam
1057 3930 1211 3997 nobilibus,

111 4011 216 4059 umere
233 4005 404 4078 perturbatis
430 4003 597 4071 ordinibus,
625 4009 655 4059 in
677 4015 830 4059 extremum
849 4005 997 4057 discrimen
1015 4007 1210 4074 imperatorem

71 4118 77 4132 .
111 4078 239 4130 coniecit.
276 4076 384 4131 Etenim
410 4087 525 4147 repente
549 4078 580 4130 in
608 4077 814 4130 circumstanter
838 4075 931 4127 Persas
951 4079 1135 4139 incurrentes,
1162 4091 1209 4126 eor

111 4147 177 4199 neci
194 4147 303 4200 dabant.
341 4147 408 4215 Qui,
425 4148 536 4200 nudatis
557 4148 686 4211 ensibus,
707 4148 805 4211 tacite,
824 4146 848 4198 si
868 4148 1040 4209 voluissent,
1061 4149 1210 4215 imperato·

111 4232 183 4279 rens,
201 4219 231 4272 in
245 4216 339 4270 medio
357 4233 451 4271 eorum
463 4222 671 4285 consistentem,
683 4219 873 4274 trucidassent.
899 4216 962 4269 Rati
983 4226 1085 4280 autem,
1095 4217 1124 4267 id
1134 4213 1210 4284 quod

36 4320 43 4373 ⁸.
150 4317 366 4377 &assemanus
385 4321 437 4376 111.
678 4360 681 4367 ⁴
889 4384 892 4389 ἱ
991 4318 1008 4372 5
