2900 4676
236 248 321 352 482
615 271 926 339 snuorsuoars

237 429 415 493 lectissimos
438 426 573 503 Tuscus,
603 445 775 508 aquosum
801 435 932 508 tyranno
962 424 1077 507 primns
1105 434 1173 506 pon
1198 433 1322 505 captain

237 511 526 592 Constantinopolim
549 508 745 587 δικανίκιον,
774 508 833 569 hoc
853 518 921 584 est,
943 509 1056 590 pedum
1073 507 1245 589 episcopale
1265 529 1318 567 ao·

237 601 315 678 cepit
338 594 512 657 Gennadius
533 591 723 675 patriarcha:
752 603 783 652 et
810 591 868 652 hac
898 592 989 652 ctiam
1014 602 1188 673 tempestate
1215 590 1320 651 nullus
1362 600 1369 609 ’

237 679 407 760 patriarcha
428 698 538 737 munus
567 697 656 736 suurn
676 676 760 736 obire
781 685 897 756 potest,
932 677 989 735 nisi
1012 676 1096 756 prius
1115 665 1320 754 χρυσόβωλ-

237 767 300 834 λον,
324 784 395 840 seu,
420 772 453 820 ut
472 769 582 819 vocant
602 757 739 818 hodierni
762 758 869 818 Gracci
887 753 1076 833 preprium,
1099 756 1157 817 boc
1179 768 1241 832 est,
1270 756 1318 817 di-

236 845 333 927 ploma
355 856 387 905 et
405 843 519 904 litteras
540 842 773 902 confirmationis
793 852 824 902 et
842 844 998 922 potcstatis
1022 840 1061 900 ab
1074 841 1167 922 impio
1187 843 1319 922 impera-

236 940 302 989 tore
319 927 541 1009 impetraverit:
564 946 620 985 nec
640 924 781 1007 impetrat
803 926 860 985 uisi
881 922 965 1006 largo
982 924 1115 1066 possesio
1140 923 1214 1003 (hoc
1234 925 1319 985 enim

236 1033 348 1071 nomen
368 1023 412 1071 est
437 1009 576 1079 tributo,
608 1007 691 1089 quod
713 1029 731 1067 a
751 1028 832 1067 novo
852 1010 982 1088 patriarc
1005 1029 1022 1068 a
1044 1008 1132 1067 initio
1153 1027 1226 1067 suae
1247 1007 1319 1066 tian-

235 1098 343 1155 etionis
365 1095 395 1156 in
416 1092 564 1153 aerarium
589 1092 751 1151 Turricum
780 1091 883 1150 inferri
906 1089 1017 1168 debet)
1037 1092 1199 1151 comitatus
1217 1092 1321 1150 veniat

238 1176 285 1249 εἰς
306 1171 341 1236 rii
362 1169 488 1256 διβάνη,
511 1175 550 1236 ad
570 1185 707 1234 senatum
729 1175 915 1234 Turcicum:
946 1183 1012 1233 tum
1032 1172 1132 1233 aditus
1152 1173 1192 1231 ad
1212 1184 1224 1233 t
1246 1195 1320 1232 ran·

236 1282 323 1336 num,
347 1261 437 1320 immo
461 1270 491 1319 et
511 1258 550 1317 ad
570 1255 707 1317 osculum
727 1277 833 1317 manus
853 1266 948 1337 patet,
965 1257 1071 1337 grandi
1094 1254 1207 1316 scilicet
1224 1194 1321 1316 beoc-

237 1344 329 1404 ficio:
368 1355 432 1403 tum
451 1340 622 1441 praeclarus
642 1338 693 1402 ille
713 1351 904 1423 mystagogus
933 1338 986 1401 dat
1005 1338 1193 1422 patriarchae
1213 1340 1321 1400 πᾶσαν

238 1426 383 1499 ἐξουσίαν
403 1446 455 1484 και
481 1423 664 1485 δεσποτείαν
688 1423 734 1494 εἷς
759 1420 876 1494 πάντας
896 1416 972 1493 τούς
1002 1418 1144 1500 ου’σεβεῖς
1163 1421 1321 1499 Χριστια·

236 1505 328 1584 anic,
357 1502 546 1586 ἱερωμένους
575 1502 632 1567 καί
663 1503 807 1583 laisaris,
834 1516 869 1566 ut
889 1504 1040 1586 proditum
1068 1518 1113 1566 est
1143 1505 1172 1564 in
1193 1504 1322 1567 historia

237 1591 366 1672 quadam
389 1590 597 1651 mirobarbara
624 1592 663 1651 de
681 1588 860 1670 patriarchis
880 1588 1216 1671 Constantinopolitanis
1236 1589 1322 1648 Tur·

237 1675 408 1753 cograeciae
426 1676 546 1738 inserta.
589 1674 636 1734 Ex
659 1674 766 1734 eodem
786 1672 868 1733 sonte
887 1675 1041 1748 manavit,
1070 1683 1106 1733 ut
1126 1673 1322 1753 imperatores

237 1758 446 1837 episcoporum
480 1758 603 1839 synodis
640 1757 866 1838 praesiderent,
901 1757 1048 1838 primique
1080 1755 1314 1832 subscriberent,

236 1840 334 1915 (euius
352 1839 466 1921 aliquot
487 1838 621 1922 exempla
642 1842 672 1900 in
693 1839 750 1901 hac
766 1850 868 1899 nostra
887 1838 1013 1899 historia
1026 1840 1152 1916 exstant)
1172 1839 1319 1901 adversus

234 1942 356 1982 omnem
386 1923 575 2004 antiquitatis
600 1942 717 1982 morem
736 1934 767 1983 et
791 1924 922 1983 cuiusvis
946 1933 1027 1984 recte
1048 1924 1203 1983 sentientis
1223 1925 1320 1983 ratio-

237 2025 319 2064 nem.
363 2005 447 2083 Quid
468 2006 548 2066 enirn
569 2005 765 2082 indecentius,
789 2026 880 2087 quarn
900 2016 935 2066 ut
955 2008 1021 2067 ovis
1041 2006 1210 2086 pastoribus
1229 2026 1319 2086 prae·

237 2089 297 2148 sit?
340 2089 497 2166 Quantum
517 2088 608 2149 distat
628 2090 757 2149 istorum
780 2091 952 2170 arrogantia
973 2110 991 2149 a
1009 2090 1112 2173 Magni
1130 2089 1321 2157 Constantini

233 2170 456 2250 submissione,
486 2174 540 2254 qui
560 2174 592 2232 in
614 2171 750 2233 Concilio
770 2171 901 2233 Nicaeno
929 2172 1032 2234 sedere
1052 2172 1177 2251 noluit,
1206 2172 1265 2232 nlsi
1286 2175 1320 2233 in

236 2254 307 2315 sede
334 2253 515 2329 humiliore,
566 2277 636 2316 uam
665 2266 762 2317 cuent
792 2256 1002 2338 episcoporum
1030 2255 1152 2328 sedilia,
1183 2276 1240 2315 nco
1261 2256 1321 2316 nisi

238 2339 386 2419 qsiscopis
408 2277 622 2416 annuentibus,
644 2348 680 2399 ut
698 2338 850 2421 colligitur
869 2360 903 2399 ex
926 2338 1117 2400 Theodoreto
1141 2337 1192 2398 lib.
1207 2360 1232 2398 1.
1248 2360 1320 2421 cap.

239 2441 266 2502 7.
289 2420 397 2482 histor.
421 2421 582 2482 ecclesiast.
623 2433 655 2482 et
681 2444 716 2482 ex
740 2421 872 2483 Eusebio
892 2420 945 2482 lib.
968 2422 999 2482 ὅ.
1024 2423 1064 2484 de
1083 2423 1145 2482 vita
1165 2422 1322 2481 Constan-

237 2503 303 2565 tini.
346 2504 432 2565 ldem
455 2505 668 2565 Constantinus
687 2517 754 2585 post
776 2524 877 2565 omues
896 2507 1052 2587 episcopos
1072 2502 1259 2587 subsoripsit,
1283 2514 1319 2564 nt

236 2594 369 2646 testatur
384 2586 512 2648 Basilius
538 2591 701 2669 imperator
723 2589 782 2648 fine
807 2598 933 2647 octavae
961 2588 1088 2671 Synodi.
1108 2589 1208 2666 Quam
1228 2589 1324 2667 igitur

237 2667 397 2750 degeneres
421 2671 527 2731 Graeci
551 2672 663 2752 posteri
688 2670 1024 2751 uConstantinopoleos
1052 2671 1207 2732 conditore
1237 2671 1323 2731 Con-

238 2755 391 2830 stantino,
412 2752 475 2836 qui,
498 2775 554 2835 pro
575 2755 680 2827 nefas,
702 2753 941 2837 imperatricibus
963 2776 984 2836 q
1067 2776 1084 2814 e
1105 2753 1187 2813 huno
1207 2756 1324 2834 praesi-

237 2834 331 2898 dendi
351 2835 498 2898 honorem
518 2839 549 2897 in
571 2834 713 2898 Conciliis
734 2835 927 2915 detulerunt3
955 2858 1017 2898 non
1050 2858 1127 2919 onge
1146 2836 1325 2898 abeundum

239 2931 305 2980 cst:
334 2920 392 2983 sub
411 2919 503 2983 finem
523 2921 592 2982 libri
620 2922 700 2984 tertii
729 2942 801 2982 snae
826 2920 971 2983 historiae
998 2920 1206 2982 subministrat
1231 2920 1324 2981 nohis

237 3001 465 3066 Cantacuzenus
487 3003 633 3087 praeclari
655 3004 747 3065 huius
766 3004 837 3065 facti
856 3004 1044 3085 praeclarum
1065 3004 1227 3087 specimen.
1261 3003 1322 3065 sed

237 3102 495 3168 supervacaneum
522 3087 613 3148 luerit
641 3086 781 3170 pluribus
808 3088 847 3149 dc
880 3086 939 3150 hoo
967 3098 1144 3170 argumento
1175 3085 1325 3147 diesem

235 3169 325 3238 velle.
369 3172 568 3253 inpromptu
589 3180 633 3231 est
655 3168 866 3249 Bellarminus,
888 3174 939 3255 qui
960 3173 1080 3253 copiose
1100 3172 1203 3246 docet,
1230 3172 1323 3233 cuins

236 3252 276 3309 sit
298 3252 467 3333 praesidere
490 3253 631 3315 Conciliis
661 3264 692 3315 et
720 3254 788 3336 quis
814 3254 960 3316 hactenus
985 3276 1107 3337 quoque
1127 3253 1324 3334 praesederit,

237 3331 316 3393 libro
336 3338 435 3416 primo
462 3337 501 3396 de
521 3335 636 3399 Concil.
667 3358 733 3418 esp.
761 3359 808 3419 ¹9·
830 3349 859 3399 et
879 3359 940 3415 20,
962 3349 996 3398 ut
1017 3349 1047 3398 et
1067 3337 1159 3415 illud,
1178 3338 1266 3398 cuins
1284 3337 1326 3396 sit

237 3435 419 3498 oongregare
434 3416 580 3490 Consilia,
604 3440 672 3500 cap.
700 3440 747 3480 ra.
768 3420 902 3481 eiusdem
921 3421 1002 3487 libri.
1024 3440 1167 3484 onsrssa.

320 3498 402 3581 Pag.
419 3498 537 3578 4322.
559 3500 610 3561 od
627 3504 823 3563 maiorem
840 3506 1075 3588 provehere.
1101 3503 1239 3573 Nimium
1262 3522 1322 3562 au-

236 3583 383 3645 ctoritatis
408 3584 558 3644 dederunt
584 3583 758 3665 imperatori
779 3588 910 3669 episcopi
931 3598 962 3648 et
982 3584 1169 3671 patriarchae
1200 3587 1325 3659 Graeci,
1427 3650 1428 3667 ,

235 3676 397 3749 postquam
419 3688 451 3728 se
471 3666 511 3726 ab
530 3667 654 3729 ecclesia
672 3670 810 3731 Romana
830 3670 1026 3754 abruperunt,
1047 3682 1077 3732 et
1098 3673 1120 3731 ii
1140 3669 1239 3731 delata
1264 3668 1324 3729 sibi

236 3758 384 3830 potestate
409 3750 454 3811 usi
477 3760 547 3811 sunt
566 3752 696 3837 egregie.
735 3754 824 3816 Patet
844 3774 899 3836 per
918 3776 1023 3817 omnes
1041 3755 1181 3816 historias
1204 3753 1325 3834 Byzan-

237 3833 316 3893 tinas
344 3835 402 3896 ista
429 3834 574 3896 subiectio
612 3847 652 3899 et.
675 3836 824 3918 quaedam
858 3836 982 3919 indigna
1013 3837 1147 3923 proiecto
1177 3835 1324 3910 servitus,

237 3936 330 3997 quam
351 3917 486 3979 volentes
506 3919 567 3980 suis
589 3922 820 4002 imperatoribus
847 3922 1027 3983 servierunt.
1066 3921 1114 3982 Ne
1141 3922 1245 4001 itaque
1263 3919 1326 3978 mi-

238 4002 326 4078 reris,
349 4003 375 4062 si
395 4012 425 4061 et
450 4001 531 4082 apud
555 4001 639 4063 hunc
661 4005 725 4064 eius
746 4006 790 4065 rei
811 4002 948 4102 exempla
971 4005 1085 4066 videas.
1108 4021 1238 4064 rosaria.

319 4082 488 4164 Peg-435,
509 4104 552 4147 ro.
582 4081 626 4156 ὥς
650 4091 717 4157 τοῖς
747 4085 872 4158 οἰκείοις
901 4090 1045 4148 salmona
1076 4089 1209 4164 πτεροῖς.
1251 4081 1325 4143 Suis
1427 4112 1428 4137 i

239 4184 270 4226 se
290 4165 405 4249 laqueis
426 4169 542 4228 irretire
559 4170 674 4251 saepius
695 4168 772 4251 legi:
804 4172 865 4232 suis
891 4171 999 4254 pennis
1024 4192 1057 4232 se
1077 4188 1209 4254 capere,
1240 4186 1324 4227 uuu-
