<?xml version="1.0" encoding="UTF-8"?>
<!DOCTYPE html PUBLIC "-//W3C//DTD XHTML 1.0 Transitional//EN"
    "http://www.w3.org/TR/xhtml1/DTD/xhtml1-transitional.dtd">
<html xmlns="http://www.w3.org/1999/xhtml" xml:lang="en" lang="en">
 <head>
  <title>
</title>
<meta http-equiv="Content-Type" content="text/html;charset=utf-8" />
  <meta name='ocr-system' content='tesseract 3.04.00' />
  <meta name='ocr-capabilities' content='ocr_page ocr_carea ocr_par ocr_line ocrx_word'/>
</head>
<body>
  <div class='ocr_page' id='page_1' title='image "./ioanniscantacuz03joangoog_0314.png"; bbox 0 0 3020 4684; ppageno 0'>
   <div class='ocr_carea' id='block_1_1' title="bbox 493 282 1274 410">
    <p class='ocr_par' dir='ltr' id='par_1_1' title="bbox 493 282 1274 410">
     <span class='ocr_line' id='line_1_1' title="bbox 493 282 1274 410; baseline -0.013 -12"><span class='ocrx_word' id='word_1_1' title='bbox 493 282 777 399; x_wconf 77' lang='lat' dir='ltr'>ursromsnuu</span> <span class='ocrx_word' id='word_1_2' title='bbox 807 337 931 410; x_wconf 69' lang='lat' dir='ltr'>runo.</span> <span class='ocrx_word' id='word_1_3' title='bbox 1197 304 1274 392; x_wconf 81' lang='lat'>281</span> 
     </span>
    </p>
   </div>
   <div class='ocr_carea' id='block_1_2' title="bbox 151 480 1439 2755">
    <p class='ocr_par' dir='ltr' id='par_1_2' title="bbox 157 480 1439 1864">
     <span class='ocr_line' id='line_1_2' title="bbox 186 480 1439 577; baseline 0.004 -27"><span class='ocrx_word' id='word_1_4' title='bbox 186 508 293 575; x_wconf 63' lang='lat' dir='ltr'>=pesse,</span> <span class='ocrx_word' id='word_1_5' title='bbox 315 480 390 553; x_wconf 78' lang='grc' dir='ltr'><strong><em>ἅντε</em></strong></span> <span class='ocrx_word' id='word_1_6' title='bbox 404 486 555 577; x_wconf 75' lang='grc' dir='ltr'><strong><em>’Ἰωάννης</em></strong></span> <span class='ocrx_word' id='word_1_7' title='bbox 575 486 728 571; x_wconf 84' lang='grc' dir='ltr'><strong><em>βασιλεδς</em></strong></span> <span class='ocrx_word' id='word_1_8' title='bbox 747 487 767 552; x_wconf 83' lang='lat' dir='ltr'>o‘</span> <span class='ocrx_word' id='word_1_9' title='bbox 789 484 934 572; x_wconf 78' lang='grc' dir='ltr'><strong><em>γαμβρὸς</em></strong></span> <span class='ocrx_word' id='word_1_10' title='bbox 952 487 1073 572; x_wconf 78' lang='grc' dir='ltr'><strong><em>περιῇ,</em></strong></span> <span class='ocrx_word' id='word_1_11' title='bbox 1108 480 1179 551; x_wconf 73' lang='grc' dir='ltr'><strong><em>ὅντε</em></strong></span> <span class='ocrx_word' id='word_1_12' title='bbox 1209 489 1280 554; x_wconf 81' lang='grc' dir='ltr'>Ἀν-</span> <span class='ocrx_word' id='word_1_13' title='bbox 1289 489 1358 551; x_wconf 64' lang='lat' dir='ltr'>bc.</span> <span class='ocrx_word' id='word_1_14' title='bbox 1374 486 1439 554; x_wconf 61' lang='lat' dir='ltr'>isti</span> 
     </span>
     <span class='ocr_line' id='line_1_3' title="bbox 201 580 1281 677; baseline -0.001 -25"><span class='ocrx_word' id='word_1_15' title='bbox 201 586 344 671; x_wconf 86' lang='grc' dir='ltr'><strong><em>δρόνικος</em></strong></span> <span class='ocrx_word' id='word_1_16' title='bbox 367 586 385 652; x_wconf 82' lang='grc' dir='ltr'><strong><em>δ</em></strong></span> <span class='ocrx_word' id='word_1_17' title='bbox 406 586 478 663; x_wconf 75' lang='grc' dir='ltr'><strong><em>υἷές</em></strong></span> <span class='ocrx_word' id='word_1_18' title='bbox 507 592 606 677; x_wconf 71' lang='grc' dir='ltr'><strong><em>ου’τιῆ·</em></strong></span> <span class='ocrx_word' id='word_1_19' title='bbox 635 590 770 670; x_wconf 82' lang='grc' dir='ltr'><strong><em>βασιλέα</em></strong></span> <span class='ocrx_word' id='word_1_20' title='bbox 796 588 832 652; x_wconf 76' lang='grc' dir='ltr'>δέ</span> <span class='ocrx_word' id='word_1_21' title='bbox 855 585 915 652; x_wconf 83' lang='grc' dir='ltr'><strong><em>’τὸν</em></strong></span> <span class='ocrx_word' id='word_1_22' title='bbox 941 584 1087 671; x_wconf 81' lang='grc' dir='ltr'><strong><em>γαμβρὸν</em></strong></span> <span class='ocrx_word' id='word_1_23' title='bbox 1114 580 1281 653; x_wconf 82' lang='grc' dir='ltr'><strong><em>οἷνακαλεῖ-</em></strong></span> 
     </span>
     <span class='ocr_line' id='line_1_4' title="bbox 201 680 1284 774; baseline -0.001 -24"><span class='ocrx_word' id='word_1_24' title='bbox 201 691 280 751; x_wconf 89' lang='grc' dir='ltr'><strong><em>σθαι</em></strong></span> <span class='ocrx_word' id='word_1_25' title='bbox 301 681 408 768; x_wconf 68' lang='grc' dir='ltr'><strong><em>αὖθις,</em></strong></span> <span class='ocrx_word' id='word_1_26' title='bbox 427 684 484 753; x_wconf 85' lang='grc' dir='ltr'>τὸν</span> <span class='ocrx_word' id='word_1_27' title='bbox 504 688 581 774; x_wconf 82' lang='grc' dir='ltr'><strong><em>πρὸς</em></strong></span> <span class='ocrx_word' id='word_1_28' title='bbox 612 690 728 753; x_wconf 76' lang='grc' dir='ltr'><strong><em>ἐκεῖνον</em></strong></span> <span class='ocrx_word' id='word_1_29' title='bbox 757 685 936 760; x_wconf 76' lang='grc' dir='ltr'><strong><em>καταλύσας</em></strong></span> <span class='ocrx_word' id='word_1_30' title='bbox 964 680 1100 766; x_wconf 68' lang='grc' dir='ltr'><strong><em>πόλεμον</em></strong></span> <span class='ocrx_word' id='word_1_31' title='bbox 1138 683 1194 749; x_wconf 79' lang='grc' dir='ltr'><strong><em>καὶ</em></strong></span> <span class='ocrx_word' id='word_1_32' title='bbox 1226 691 1284 769; x_wconf 84' lang='grc' dir='ltr'>τῆς</span> 
     </span>
     <span class='ocr_line' id='line_1_5' title="bbox 198 779 1285 875; baseline -0.001 -26"><span class='ocrx_word' id='word_1_33' title='bbox 198 785 364 867; x_wconf 85' lang='grc' dir='ltr'><strong><em>Ῥωμαίων</em></strong></span> <span class='ocrx_word' id='word_1_34' title='bbox 384 786 486 871; x_wconf 79' lang='grc' dir='ltr'><strong><em>δρχῆς</em></strong></span> <span class='ocrx_word' id='word_1_35' title='bbox 505 785 629 872; x_wconf 73' lang='grc' dir='ltr'><strong><em>ἁπάσης</em></strong></span> <span class='ocrx_word' id='word_1_36' title='bbox 649 788 736 875; x_wconf 70' lang='grc' dir='ltr'><strong><em>αὐτῷ</em></strong></span> <span class='ocrx_word' id='word_1_37' title='bbox 756 793 978 870; x_wconf 76' lang='grc' dir='ltr'><strong><em>παραχωρεῖν,</em></strong></span> <span class='ocrx_word' id='word_1_38' title='bbox 1008 789 1071 850; x_wconf 76' lang='grc' dir='ltr'><strong><em>τοῖν</em></strong></span> <span class='ocrx_word' id='word_1_39' title='bbox 1090 779 1285 867; x_wconf 75' lang='grc' dir='ltr'><strong><em>πραγμάτων</em></strong></span> 
     </span>
     <span class='ocr_line' id='line_1_6' title="bbox 174 880 1284 971; baseline -0.003 -23"><span class='ocrx_word' id='word_1_40' title='bbox 174 882 343 963; x_wconf 74' lang='grc' dir='ltr'><strong><em>ὄδποστοὶς</em></strong></span> <span class='ocrx_word' id='word_1_41' title='bbox 364 885 475 969; x_wconf 68' lang='grc' dir='ltr'><strong><em>αὐτὸς,</em></strong></span> <span class='ocrx_word' id='word_1_42' title='bbox 504 890 561 953; x_wconf 71' lang='grc' dir='ltr'><strong><em>κατ’</em></strong></span> <span class='ocrx_word' id='word_1_43' title='bbox 578 890 753 971; x_wconf 75' lang='grc' dir='ltr'><strong><em>πειρᾶσθαι</em></strong></span> <span class='ocrx_word' id='word_1_44' title='bbox 773 883 827 949; x_wconf 82' lang='grc' dir='ltr'><strong><em>διαὶ</em></strong></span> <span class='ocrx_word' id='word_1_45' title='bbox 848 890 904 970; x_wconf 86' lang='grc' dir='ltr'>τῆς</span> <span class='ocrx_word' id='word_1_46' title='bbox 922 881 1002 949; x_wconf 83' lang='grc' dir='ltr'><strong><em>κατοὶ</em></strong></span> <span class='ocrx_word' id='word_1_47' title='bbox 1023 880 1078 949; x_wconf 80' lang='grc' dir='ltr'>τὸν</span> <span class='ocrx_word' id='word_1_48' title='bbox 1098 887 1167 965; x_wconf 77' lang='grc' dir='ltr'><strong><em>βίον</em></strong></span> <span class='ocrx_word' id='word_1_49' title='bbox 1190 889 1284 969; x_wconf 80' lang='grc' dir='ltr'><strong><em>φιλο-</em></strong></span> 
     </span>
     <span class='ocr_line' id='line_1_7' title="bbox 202 975 1276 1074; baseline -0.003 -25"><span class='ocrx_word' id='word_1_50' title='bbox 202 987 319 1071; x_wconf 80' lang='grc' dir='ltr'><strong><em>σοφίας</em></strong></span> <span class='ocrx_word' id='word_1_51' title='bbox 336 985 428 1051; x_wconf 75' lang='grc' dir='ltr'><strong><em>ἵλεων</em></strong></span> <span class='ocrx_word' id='word_1_52' title='bbox 452 988 540 1074; x_wconf 72' lang='grc' dir='ltr'><strong><em>αδτρῖ</em></strong></span> <span class='ocrx_word' id='word_1_53' title='bbox 557 994 658 1050; x_wconf 86' lang='grc' dir='ltr'><strong><em>ποιεῖν</em></strong></span> <span class='ocrx_word' id='word_1_54' title='bbox 676 983 713 1050; x_wconf 82' lang='grc' dir='ltr'>τὸ</span> <span class='ocrx_word' id='word_1_55' title='bbox 734 990 830 1052; x_wconf 78' lang='grc' dir='ltr'><strong><em>θεῖον.</em></strong></span> <span class='ocrx_word' id='word_1_56' title='bbox 855 987 959 1050; x_wconf 81' lang='grc' dir='ltr'><strong><em>ταῦτα</em></strong></span> <span class='ocrx_word' id='word_1_57' title='bbox 978 986 1038 1066; x_wconf 81' lang='grc' dir='ltr'>μέν</span> <span class='ocrx_word' id='word_1_58' title='bbox 1060 975 1116 1047; x_wconf 73' lang='lat' dir='ltr'>miv</span> <span class='ocrx_word' id='word_1_59' title='bbox 1130 985 1164 1048; x_wconf 82' lang='grc' dir='ltr'>έν</span> <span class='ocrx_word' id='word_1_60' title='bbox 1185 982 1276 1047; x_wconf 79' lang='grc' dir='ltr'><strong><em>δοτέ-</em></strong></span> 
     </span>
     <span class='ocr_line' id='line_1_8' title="bbox 202 1075 1284 1171; baseline -0.002 -25"><span class='ocrx_word' id='word_1_61' title='bbox 202 1107 247 1171; x_wconf 81' lang='grc' dir='ltr'>ριγ</span> <span class='ocrx_word' id='word_1_62' title='bbox 267 1083 414 1170; x_wconf 79' lang='grc' dir='ltr'><strong><em>πράττειν</em></strong></span> <span class='ocrx_word' id='word_1_63' title='bbox 434 1082 629 1166; x_wconf 78' lang='grc' dir='ltr'><strong><em>έβουλεύετο·</em></strong></span> <span class='ocrx_word' id='word_1_64' title='bbox 669 1083 739 1150; x_wconf 87' lang='grc' dir='ltr'><strong><em>τότε</em></strong></span> <span class='ocrx_word' id='word_1_65' title='bbox 769 1087 804 1150; x_wconf 83' lang='grc' dir='ltr'>δέ</span> <span class='ocrx_word' id='word_1_66' title='bbox 827 1083 898 1149; x_wconf 64' lang='lat' dir='ltr'>dues*</span> <span class='ocrx_word' id='word_1_67' title='bbox 923 1075 1005 1167; x_wconf 81' lang='grc' dir='ltr'><strong><em>ἦσαν</em></strong></span> <span class='ocrx_word' id='word_1_68' title='bbox 1031 1080 1227 1163; x_wconf 71' lang='grc' dir='ltr'><strong><em>ὠπλισμένοι</em></strong></span> <span class='ocrx_word' id='word_1_69' title='bbox 1247 1077 1284 1146; x_wconf 75' lang='grc' dir='ltr'><strong><em>αἱ</em></strong></span> 
     </span>
     <span class='ocr_line' id='line_1_9' title="bbox 201 1179 1313 1272; baseline -0.007 -25"><span class='ocrx_word' id='word_1_70' title='bbox 201 1179 347 1269; x_wconf 76' lang='grc' dir='ltr'><strong><em>τριήρεις,</em></strong></span> <span class='ocrx_word' id='word_1_71' title='bbox 361 1186 395 1250; x_wconf 83' lang='grc' dir='ltr'>έν</span> <span class='ocrx_word' id='word_1_72' title='bbox 420 1186 614 1272; x_wconf 66' lang='grc' dir='ltr'><strong><em>Νικομηδειρι</em></strong></span> <span class='ocrx_word' id='word_1_73' title='bbox 635 1207 670 1249; x_wconf 83' lang='grc' dir='ltr'>τε</span> <span class='ocrx_word' id='word_1_74' title='bbox 688 1188 807 1267; x_wconf 74' lang='grc' dir='ltr'><strong><em>ἐγένετο</em></strong></span> <span class='ocrx_word' id='word_1_75' title='bbox 831 1185 888 1247; x_wconf 76' lang='grc' dir='ltr'><strong><em>καὶ</em></strong></span> <span class='ocrx_word' id='word_1_76' title='bbox 906 1185 1053 1268; x_wconf 75' lang='grc' dir='ltr'><strong><em>πρέσβεις</em></strong></span> <span class='ocrx_word' id='word_1_77' title='bbox 1075 1181 1191 1262; x_wconf 86' lang='grc' dir='ltr'><strong><em>ἔπεμπε</em></strong></span> <span class='ocrx_word' id='word_1_78' title='bbox 1203 1179 1313 1263; x_wconf 83' lang='grc' dir='ltr'><strong><em>πρόςΒ</em></strong></span> 
     </span>
     <span class='ocr_line' id='line_1_10' title="bbox 199 1276 1286 1369; baseline -0.005 -22"><span class='ocrx_word' id='word_1_79' title='bbox 199 1281 353 1367; x_wconf 81' lang='grc' dir='ltr'><strong><em>Ὀρχένην</em></strong></span> <span class='ocrx_word' id='word_1_80' title='bbox 372 1280 426 1349; x_wconf 81' lang='grc' dir='ltr'>τὸν</span> <span class='ocrx_word' id='word_1_81' title='bbox 453 1281 618 1369; x_wconf 81' lang='grc' dir='ltr'><strong><em>γαμβρὸν,</em></strong></span> <span class='ocrx_word' id='word_1_82' title='bbox 650 1282 694 1360; x_wconf 75' lang='grc' dir='ltr'>ὥς</span> <span class='ocrx_word' id='word_1_83' title='bbox 720 1281 910 1369; x_wconf 73' lang='grc' dir='ltr'><strong><em>ἀφιξόμενον</em></strong></span> <span class='ocrx_word' id='word_1_84' title='bbox 936 1285 991 1347; x_wconf 78' lang='grc' dir='ltr'><strong><em>κατ’</em></strong></span> <span class='ocrx_word' id='word_1_85' title='bbox 1018 1276 1117 1345; x_wconf 81' lang='grc' dir='ltr'><strong><em>αδτὸν</em></strong></span> <span class='ocrx_word' id='word_1_86' title='bbox 1142 1281 1210 1344; x_wconf 73' lang='grc' dir='ltr'><strong><em>ἐκεῖ</em></strong></span> <span class='ocrx_word' id='word_1_87' title='bbox 1224 1281 1286 1343; x_wconf 75' lang='grc' dir='ltr'>τῶν</span> 
     </span>
     <span class='ocr_line' id='line_1_11' title="bbox 157 1375 1289 1467; baseline 0 -23"><span class='ocrx_word' id='word_1_88' title='bbox 157 1383 415 1467; x_wconf 85' lang='grc' dir='ltr'><strong><em>ιοπροκειμένων</em></strong></span> <span class='ocrx_word' id='word_1_89' title='bbox 437 1385 536 1447; x_wconf 74' lang='grc' dir='ltr'><strong><em>ἕνεκα.</em></strong></span> <span class='ocrx_word' id='word_1_90' title='bbox 563 1381 580 1447; x_wconf 81' lang='grc' dir='ltr'><strong><em>δ</em></strong></span> <span class='ocrx_word' id='word_1_91' title='bbox 602 1385 631 1447; x_wconf 91' lang='grc' dir='ltr'>δ’</span> <span class='ocrx_word' id='word_1_92' title='bbox 650 1380 770 1467; x_wconf 80' lang='grc' dir='ltr'><strong><em>ἔφασκε</em></strong></span> <span class='ocrx_word' id='word_1_93' title='bbox 798 1392 900 1448; x_wconf 79' lang='grc' dir='ltr'><strong><em>νοσεῖν</em></strong></span> <span class='ocrx_word' id='word_1_94' title='bbox 928 1384 983 1446; x_wconf 82' lang='grc' dir='ltr'><strong><em>καῖ</em></strong></span> <span class='ocrx_word' id='word_1_95' title='bbox 1005 1378 1172 1453; x_wconf 74' lang='grc' dir='ltr'><strong><em>ἀδυνάτως</em></strong></span> <span class='ocrx_word' id='word_1_96' title='bbox 1201 1375 1289 1462; x_wconf 81' lang='grc' dir='ltr'><strong><em>ἔχειν</em></strong></span> 
     </span>
     <span class='ocr_line' id='line_1_12' title="bbox 200 1475 1288 1568; baseline -0.008 -21"><span class='ocrx_word' id='word_1_97' title='bbox 200 1478 235 1547; x_wconf 88' lang='grc' dir='ltr'>τδ</span> <span class='ocrx_word' id='word_1_98' title='bbox 256 1485 316 1547; x_wconf 81' lang='grc' dir='ltr'>νῦν</span> <span class='ocrx_word' id='word_1_99' title='bbox 335 1475 416 1546; x_wconf 81' lang='grc' dir='ltr'><strong><em>εἶναι</em></strong></span> <span class='ocrx_word' id='word_1_100' title='bbox 437 1484 672 1548; x_wconf 76' lang='grc' dir='ltr'><strong><em>ἅπαντ’στασθαι</em></strong></span> <span class='ocrx_word' id='word_1_101' title='bbox 693 1485 749 1567; x_wconf 88' lang='grc' dir='ltr'>τῆς</span> <span class='ocrx_word' id='word_1_102' title='bbox 775 1483 887 1568; x_wconf 74' lang='grc' dir='ltr'><strong><em>κλίνης.</em></strong></span> <span class='ocrx_word' id='word_1_103' title='bbox 929 1482 1111 1565; x_wconf 80' lang='grc' dir='ltr'><strong><em>α’χθομένου</em></strong></span> <span class='ocrx_word' id='word_1_104' title='bbox 1134 1479 1171 1541; x_wconf 85' lang='grc' dir='ltr'>δὲ</span> <span class='ocrx_word' id='word_1_105' title='bbox 1191 1481 1288 1559; x_wconf 61' lang='grc' dir='ltr'><strong><em>βασι.</em></strong></span> 
     </span>
     <span class='ocr_line' id='line_1_13' title="bbox 201 1574 1286 1666; baseline -0.008 -19"><span class='ocrx_word' id='word_1_106' title='bbox 201 1584 281 1657; x_wconf 89' lang='grc' dir='ltr'><strong><em>λέως</em></strong></span> <span class='ocrx_word' id='word_1_107' title='bbox 303 1579 359 1646; x_wconf 72' lang='grc' dir='ltr'><strong><em>κατ’</em></strong></span> <span class='ocrx_word' id='word_1_108' title='bbox 377 1584 495 1666; x_wconf 76' lang='grc' dir='ltr'><strong><em>σκῆψιν</em></strong></span> <span class='ocrx_word' id='word_1_109' title='bbox 518 1576 662 1663; x_wconf 80' lang='grc' dir='ltr'><strong><em>οἰομένου</em></strong></span> <span class='ocrx_word' id='word_1_110' title='bbox 685 1581 743 1666; x_wconf 88' lang='grc' dir='ltr'>τήν</span> <span class='ocrx_word' id='word_1_111' title='bbox 765 1579 857 1647; x_wconf 88' lang='grc' dir='ltr'><strong><em>νόσον</em></strong></span> <span class='ocrx_word' id='word_1_112' title='bbox 885 1574 988 1663; x_wconf 86' lang='grc' dir='ltr'><strong><em>εἶναι,</em></strong></span> <span class='ocrx_word' id='word_1_113' title='bbox 1017 1581 1073 1643; x_wconf 70' lang='grc' dir='ltr'><strong><em>κατ’</em></strong></span> <span class='ocrx_word' id='word_1_114' title='bbox 1091 1576 1286 1659; x_wconf 78' lang='grc' dir='ltr'><strong><em>καταναγκά-</em></strong></span> 
     </span>
     <span class='ocr_line' id='line_1_14' title="bbox 202 1670 1399 1767; baseline -0.005 -24"><span class='ocrx_word' id='word_1_115' title='bbox 202 1683 307 1759; x_wconf 85' lang='grc' dir='ltr'><strong><em>ζοντος</em></strong></span> <span class='ocrx_word' id='word_1_116' title='bbox 326 1680 431 1745; x_wconf 77' lang='grc' dir='ltr'><strong><em>ἐλθεῖν</em></strong></span> <span class='ocrx_word' id='word_1_117' title='bbox 451 1682 495 1756; x_wconf 83' lang='grc' dir='ltr'>εἰς</span> <span class='ocrx_word' id='word_1_118' title='bbox 513 1679 569 1767; x_wconf 83' lang='grc' dir='ltr'>τήν</span> <span class='ocrx_word' id='word_1_119' title='bbox 585 1681 795 1763; x_wconf 75' lang='grc' dir='ltr'><strong><em>Νικομήδους,</em></strong></span> <span class='ocrx_word' id='word_1_120' title='bbox 809 1676 915 1764; x_wconf 68' lang='grc' dir='ltr'><strong><em>ὥσπερ</em></strong></span> <span class='ocrx_word' id='word_1_121' title='bbox 938 1681 1154 1763; x_wconf 74' lang='grc' dir='ltr'><strong><em>ἐπηγγείλατο,</em></strong></span> <span class='ocrx_word' id='word_1_122' title='bbox 1183 1670 1286 1761; x_wconf 81' lang='grc' dir='ltr'><strong><em>ὅρκοις</em></strong></span> <span class='ocrx_word' id='word_1_123' title='bbox 1294 1680 1327 1735; x_wconf 83' lang='lat' dir='ltr'>V.</span> <span class='ocrx_word' id='word_1_124' title='bbox 1346 1682 1399 1737; x_wconf 78' lang='grc'>688</span> 
     </span>
     <span class='ocr_line' id='line_1_15' title="bbox 202 1769 1287 1864; baseline -0.003 -23"><span class='ocrx_word' id='word_1_125' title='bbox 202 1775 381 1863; x_wconf 71' lang='grc' dir='ltr'><strong><em>ἰσχυρίζετο</em></strong></span> <span class='ocrx_word' id='word_1_126' title='bbox 417 1788 519 1844; x_wconf 83' lang='grc' dir='ltr'><strong><em>νοσεῖν</em></strong></span> <span class='ocrx_word' id='word_1_127' title='bbox 548 1776 590 1855; x_wconf 73' lang='grc' dir='ltr'>ὥς</span> <span class='ocrx_word' id='word_1_128' title='bbox 617 1780 746 1864; x_wconf 73' lang='grc' dir='ltr'><strong><em>οἷληθοῖς</em></strong></span> <span class='ocrx_word' id='word_1_129' title='bbox 778 1777 834 1843; x_wconf 79' lang='grc' dir='ltr'><strong><em>καὶ</em></strong></span> <span class='ocrx_word' id='word_1_130' title='bbox 860 1779 1017 1863; x_wconf 79' lang='grc' dir='ltr'><strong><em>μηδεμίαν</em></strong></span> <span class='ocrx_word' id='word_1_131' title='bbox 1041 1780 1159 1861; x_wconf 81' lang='grc' dir='ltr'><strong><em>σκῆψιν</em></strong></span> <span class='ocrx_word' id='word_1_132' title='bbox 1192 1769 1287 1858; x_wconf 79' lang='grc' dir='ltr'><strong><em>εἶναι,</em></strong></span> 
     </span>
    </p>

    <p class='ocr_par' dir='ltr' id='par_1_3' title="bbox 156 1870 1378 2258">
     <span class='ocr_line' id='line_1_16' title="bbox 156 1870 1289 1963; baseline -0.001 -26"><span class='ocrx_word' id='word_1_133' title='bbox 156 1875 194 1938; x_wconf 79' lang='lat'>15</span> <span class='ocrx_word' id='word_1_134' title='bbox 200 1879 279 1960; x_wconf 81' lang='grc' dir='ltr'><strong><em>μηδ’</em></strong></span> <span class='ocrx_word' id='word_1_135' title='bbox 300 1878 466 1963; x_wconf 71' lang='grc' dir='ltr'><strong><em>ὑπόκρισιν</em></strong></span> <span class='ocrx_word' id='word_1_136' title='bbox 493 1878 568 1962; x_wconf 71' lang='grc' dir='ltr'><strong><em>περὶ</em></strong></span> <span class='ocrx_word' id='word_1_137' title='bbox 592 1876 627 1943; x_wconf 77' lang='grc' dir='ltr'>τὸ</span> <span class='ocrx_word' id='word_1_138' title='bbox 658 1880 798 1963; x_wconf 80' lang='grc' dir='ltr'><strong><em>πρᾶγμα·</em></strong></span> <span class='ocrx_word' id='word_1_139' title='bbox 842 1875 942 1942; x_wconf 79' lang='grc' dir='ltr'><strong><em>ἐδεῖτό</em></strong></span> <span class='ocrx_word' id='word_1_140' title='bbox 964 1901 997 1942; x_wconf 86' lang='grc' dir='ltr'>τε</span> <span class='ocrx_word' id='word_1_141' title='bbox 1018 1870 1204 1959; x_wconf 78' lang='grc' dir='ltr'><strong><em>συγγνώμην</em></strong></span> <span class='ocrx_word' id='word_1_142' title='bbox 1223 1898 1289 1937; x_wconf 85' lang='grc' dir='ltr'>πω-</span> 
     </span>
     <span class='ocr_line' id='line_1_17' title="bbox 200 1970 1289 2061; baseline -0.002 -23"><span class='ocrx_word' id='word_1_143' title='bbox 200 1977 399 2056; x_wconf 80' lang='grc' dir='ltr'><strong><em>ρασχέσθαι,</em></strong></span> <span class='ocrx_word' id='word_1_144' title='bbox 433 1975 490 2040; x_wconf 84' lang='grc' dir='ltr'><strong><em>καδ</em></strong></span> <span class='ocrx_word' id='word_1_145' title='bbox 508 1978 711 2061; x_wconf 81' lang='grc' dir='ltr'><strong><em>έπηγγειλατο</em></strong></span> <span class='ocrx_word' id='word_1_146' title='bbox 731 1970 849 2060; x_wconf 67' lang='grc' dir='ltr'><strong><em>αὖθις,</em></strong></span> <span class='ocrx_word' id='word_1_147' title='bbox 880 1975 926 2051; x_wconf 76' lang='grc' dir='ltr'>ὥς</span> <span class='ocrx_word' id='word_1_148' title='bbox 952 1979 987 2041; x_wconf 88' lang='grc' dir='ltr'>έν</span> <span class='ocrx_word' id='word_1_149' title='bbox 1017 1974 1128 2061; x_wconf 81' lang='grc' dir='ltr'><strong><em>ῥηταῖς</em></strong></span> <span class='ocrx_word' id='word_1_150' title='bbox 1153 1971 1289 2058; x_wconf 84' lang='grc' dir='ltr'><strong><em>ήμέριιις</em></strong></span> 
     </span>
     <span class='ocr_line' id='line_1_18' title="bbox 199 2063 1378 2161; baseline -0.003 -25"><span class='ocrx_word' id='word_1_151' title='bbox 199 2073 314 2155; x_wconf 75' lang='grc' dir='ltr'><strong><em>ῥαΐσας</em></strong></span> <span class='ocrx_word' id='word_1_152' title='bbox 335 2073 487 2139; x_wconf 75' lang='grc' dir='ltr'><strong><em>ἐκτελέσω</em></strong></span> <span class='ocrx_word' id='word_1_153' title='bbox 519 2074 558 2139; x_wconf 79' lang='lat' dir='ltr'>cd</span> <span class='ocrx_word' id='word_1_154' title='bbox 589 2076 805 2161; x_wconf 64' lang='lat' dir='ltr'>duramina.</span> <span class='ocrx_word' id='word_1_155' title='bbox 848 2077 970 2141; x_wconf 73' lang='grc' dir='ltr'><strong><em>ἐκεῖθεν</em></strong></span> <span class='ocrx_word' id='word_1_156' title='bbox 990 2076 1049 2154; x_wconf 79' lang='grc' dir='ltr'>μὲν</span> <span class='ocrx_word' id='word_1_157' title='bbox 1069 2063 1127 2136; x_wconf 75' lang='grc' dir='ltr'>οὖν</span> <span class='ocrx_word' id='word_1_158' title='bbox 1156 2068 1289 2154; x_wconf 82' lang='grc' dir='ltr'><strong><em>δβιισι-</em></strong></span> <span class='ocrx_word' id='word_1_159' title='bbox 1371 2076 1378 2089; x_wconf 85' lang='grc'>’</span> 
     </span>
     <span class='ocr_line' id='line_1_19' title="bbox 198 2164 1017 2258; baseline 0.009 -24"><span class='ocrx_word' id='word_1_160' title='bbox 198 2168 272 2247; x_wconf 77' lang='grc' dir='ltr'><strong><em>λεδς</em></strong></span> <span class='ocrx_word' id='word_1_161' title='bbox 294 2164 454 2257; x_wconf 75' lang='grc' dir='ltr'><strong><em>ἄπρακτος</em></strong></span> <span class='ocrx_word' id='word_1_162' title='bbox 475 2167 573 2249; x_wconf 75' lang='grc' dir='ltr'><strong><em>αὖθις</em></strong></span> <span class='ocrx_word' id='word_1_163' title='bbox 592 2176 638 2250; x_wconf 77' lang='grc' dir='ltr'><strong><em>εἰς</em></strong></span> <span class='ocrx_word' id='word_1_164' title='bbox 651 2171 828 2252; x_wconf 82' lang='grc' dir='ltr'><strong><em>Βυζάντιον</em></strong></span> <span class='ocrx_word' id='word_1_165' title='bbox 847 2177 1017 2258; x_wconf 75' lang='grc' dir='ltr'><strong><em>ἐπανῆλθε.</em></strong></span> 
     </span>
    </p>

    <p class='ocr_par' dir='ltr' id='par_1_4' title="bbox 151 2269 1314 2458">
     <span class='ocr_line' id='line_1_20' title="bbox 266 2269 1314 2359; baseline -0.004 -22"><span class='ocrx_word' id='word_1_166' title='bbox 266 2272 326 2338; x_wconf 72' lang='grc' dir='ltr'><strong><em>λθ.</em></strong></span> <span class='ocrx_word' id='word_1_167' title='bbox 357 2270 513 2350; x_wconf 81' lang='grc' dir='ltr'><strong><em>Φιλόθεος</em></strong></span> <span class='ocrx_word' id='word_1_168' title='bbox 534 2277 571 2338; x_wconf 78' lang='grc' dir='ltr'>δέ</span> <span class='ocrx_word' id='word_1_169' title='bbox 592 2271 609 2338; x_wconf 82' lang='grc' dir='ltr'><em>ὃ</em></span> <span class='ocrx_word' id='word_1_170' title='bbox 630 2273 832 2359; x_wconf 82' lang='grc' dir='ltr'><strong><em>πατριάρχης</em></strong></span> <span class='ocrx_word' id='word_1_171' title='bbox 852 2271 955 2354; x_wconf 65' lang='lat' dir='ltr'>atter,</span> <span class='ocrx_word' id='word_1_172' title='bbox 978 2275 1048 2337; x_wconf 78' lang='grc' dir='ltr'><strong><em>οἵαν</em></strong></span> <span class='ocrx_word' id='word_1_173' title='bbox 1066 2271 1195 2355; x_wconf 79' lang='grc' dir='ltr'><strong><em>γνώμην</em></strong></span> <span class='ocrx_word' id='word_1_174' title='bbox 1215 2269 1314 2352; x_wconf 72' lang='grc' dir='ltr'><strong><em>ἔχετο</em></strong></span> 
     </span>
     <span class='ocr_line' id='line_1_21' title="bbox 151 2370 1286 2458; baseline -0.001 -22"><span class='ocrx_word' id='word_1_175' title='bbox 151 2370 274 2455; x_wconf 69' lang='lat' dir='ltr'>aomos*</span> <span class='ocrx_word' id='word_1_176' title='bbox 291 2377 462 2455; x_wconf 84' lang='grc' dir='ltr'><strong><em>βασιλέων,</em></strong></span> <span class='ocrx_word' id='word_1_177' title='bbox 491 2375 547 2438; x_wconf 74' lang='grc' dir='ltr'>τοῦ</span> <span class='ocrx_word' id='word_1_178' title='bbox 566 2397 602 2439; x_wconf 88' lang='grc' dir='ltr'>τε</span> <span class='ocrx_word' id='word_1_179' title='bbox 627 2377 776 2458; x_wconf 80' lang='grc' dir='ltr'><strong><em>γαμβροῦ</em></strong></span> <span class='ocrx_word' id='word_1_180' title='bbox 793 2370 851 2437; x_wconf 69' lang='grc' dir='ltr'><strong><em>κατ’</em></strong></span> <span class='ocrx_word' id='word_1_181' title='bbox 870 2375 930 2436; x_wconf 80' lang='grc' dir='ltr'>τοῦ</span> <span class='ocrx_word' id='word_1_182' title='bbox 952 2370 1044 2452; x_wconf 74' lang='grc' dir='ltr'><strong><em>υἱοῦ,</em></strong></span> <span class='ocrx_word' id='word_1_183' title='bbox 1079 2373 1125 2447; x_wconf 79' lang='grc' dir='ltr'>εἰς</span> <span class='ocrx_word' id='word_1_184' title='bbox 1155 2371 1286 2439; x_wconf 81' lang='grc' dir='ltr'><strong><em>Τένεδον</em></strong></span> 
     </span>
    </p>

    <p class='ocr_par' dir='ltr' id='par_1_5' title="bbox 198 2463 1317 2755">
     <span class='ocr_line' id='line_1_22' title="bbox 200 2463 1317 2559; baseline -0.006 -24"><span class='ocrx_word' id='word_1_185' title='bbox 200 2472 302 2535; x_wconf 80' lang='grc' dir='ltr'><strong><em>αδτοῧ</em></strong></span> <span class='ocrx_word' id='word_1_186' title='bbox 329 2472 429 2537; x_wconf 76' lang='grc' dir='ltr'><strong><em>ἐδεῖτο</em></strong></span> <span class='ocrx_word' id='word_1_187' title='bbox 458 2471 652 2559; x_wconf 82' lang='grc' dir='ltr'><strong><em>πρεσβευτής</em></strong></span> <span class='ocrx_word' id='word_1_188' title='bbox 671 2471 753 2557; x_wconf 88' lang='grc' dir='ltr'><strong><em>πρδς</em></strong></span> <span class='ocrx_word' id='word_1_189' title='bbox 779 2476 914 2555; x_wconf 79' lang='grc' dir='ltr'><strong><em>βασιλέα</em></strong></span> <span class='ocrx_word' id='word_1_190' title='bbox 934 2469 990 2536; x_wconf 87' lang='grc' dir='ltr'>τὸν</span> <span class='ocrx_word' id='word_1_191' title='bbox 1010 2472 1079 2535; x_wconf 85' lang='grc' dir='ltr'><strong><em>νέον</em></strong></span> <span class='ocrx_word' id='word_1_192' title='bbox 1099 2463 1317 2555; x_wconf 51' lang='lat' dir='ltr'>&amp;predo-‘tuen</span> 
     </span>
     <span class='ocr_line' id='line_1_23' title="bbox 199 2565 1285 2656; baseline -0.001 -23"><span class='ocrx_word' id='word_1_193' title='bbox 199 2565 282 2634; x_wconf 82' lang='grc' dir='ltr'><strong><em>οδστε</em></strong></span> <span class='ocrx_word' id='word_1_194' title='bbox 301 2568 358 2635; x_wconf 81' lang='grc' dir='ltr'>τὸν</span> <span class='ocrx_word' id='word_1_195' title='bbox 377 2569 456 2655; x_wconf 85' lang='grc' dir='ltr'><strong><em>πρὸς</em></strong></span> <span class='ocrx_word' id='word_1_196' title='bbox 476 2571 632 2656; x_wconf 75' lang='grc' dir='ltr'><strong><em>ἀλλήλους</em></strong></span> <span class='ocrx_word' id='word_1_197' title='bbox 662 2574 815 2637; x_wconf 72' lang='grc' dir='ltr'><strong><em>διαλῦσαι</em></strong></span> <span class='ocrx_word' id='word_1_198' title='bbox 844 2568 979 2653; x_wconf 83' lang='grc' dir='ltr'><strong><em>πόλεμον</em></strong></span> <span class='ocrx_word' id='word_1_199' title='bbox 990 2618 999 2652; x_wconf 92' lang='grc'><strong><em>,</em></strong></span> <span class='ocrx_word' id='word_1_200' title='bbox 1020 2567 1132 2643; x_wconf 78' lang='grc' dir='ltr'><strong><em>πιέσας</em></strong></span> <span class='ocrx_word' id='word_1_201' title='bbox 1151 2571 1285 2649; x_wconf 87' lang='grc' dir='ltr'><strong><em>βασιλέα</em></strong></span> 
     </span>
     <span class='ocr_line' id='line_1_24' title="bbox 198 2666 1287 2755; baseline -0.004 -20"><span class='ocrx_word' id='word_1_202' title='bbox 198 2666 254 2735; x_wconf 76' lang='lat' dir='ltr'>eda</span> <span class='ocrx_word' id='word_1_203' title='bbox 275 2672 346 2737; x_wconf 93' lang='grc' dir='ltr'><strong><em>νέον</em></strong></span> <span class='ocrx_word' id='word_1_204' title='bbox 363 2666 503 2751; x_wconf 79' lang='grc' dir='ltr'><strong><em>ἑλέσθαι,</em></strong></span> <span class='ocrx_word' id='word_1_205' title='bbox 527 2668 752 2755; x_wconf 77' lang='grc' dir='ltr'><strong><em>δβουλεδοιτο</em></strong></span> <span class='ocrx_word' id='word_1_206' title='bbox 781 2668 933 2755; x_wconf 71' lang='grc' dir='ltr'><strong><em>βασιλευς</em></strong></span> <span class='ocrx_word' id='word_1_207' title='bbox 955 2669 974 2734; x_wconf 84' lang='grc' dir='ltr'><strong><em>δ</em></strong></span> <span class='ocrx_word' id='word_1_208' title='bbox 994 2666 1154 2755; x_wconf 86' lang='grc' dir='ltr'><strong><em>κηδεστής.</em></strong></span> <span class='ocrx_word' id='word_1_209' title='bbox 1193 2671 1287 2752; x_wconf 79' lang='grc' dir='ltr'><strong><em>βασι-</em></strong></span> 
     </span>
    </p>
   </div>
   <div class='ocr_carea' id='block_1_3' title="bbox 272 2820 1014 2907">
    <p class='ocr_par' dir='ltr' id='par_1_6' title="bbox 272 2820 1014 2907">
     <span class='ocr_line' id='line_1_25' title="bbox 272 2820 1014 2907; baseline -0.003 -31"><span class='ocrx_word' id='word_1_210' title='bbox 272 2821 311 2876; x_wconf 83' lang='grc'>16.</span> <span class='ocrx_word' id='word_1_211' title='bbox 329 2820 519 2893; x_wconf 73' lang='grc' dir='ltr'><strong><em>ἐπηγγέλλετο</em></strong></span> <span class='ocrx_word' id='word_1_212' title='bbox 539 2822 576 2873; x_wconf 88' lang='grc' dir='ltr'>Μ.</span> <span class='ocrx_word' id='word_1_213' title='bbox 646 2841 688 2879; x_wconf 80' lang='lat' dir='ltr'>no.</span> <span class='ocrx_word' id='word_1_214' title='bbox 707 2823 795 2875; x_wconf 76' lang='lat' dir='ltr'>idom</span> <span class='ocrx_word' id='word_1_215' title='bbox 815 2822 853 2880; x_wconf 75' lang='lat' dir='ltr'>M.</span> <span class='ocrx_word' id='word_1_216' title='bbox 871 2839 923 2894; x_wconf 82' lang='lat' dir='ltr'>mg.</span> <span class='ocrx_word' id='word_1_217' title='bbox 1010 2902 1014 2907; x_wconf 75' lang='lat'>.</span> 
     </span>
    </p>
   </div>
   <div class='ocr_carea' id='block_1_4' title="bbox 191 2954 1288 4301">
    <p class='ocr_par' dir='ltr' id='par_1_7' title="bbox 191 2954 1288 4301">
     <span class='ocr_line' id='line_1_26' title="bbox 199 2954 1288 3027; baseline 0.001 -19"><span class='ocrx_word' id='word_1_218' title='bbox 199 2961 257 3019; x_wconf 85' lang='lat' dir='ltr'>ret,</span> <span class='ocrx_word' id='word_1_219' title='bbox 280 2955 438 3019; x_wconf 87' lang='lat' dir='ltr'>subiicere,</span> <span class='ocrx_word' id='word_1_220' title='bbox 466 2958 505 3009; x_wconf 86' lang='lat' dir='ltr'>ita</span> <span class='ocrx_word' id='word_1_221' title='bbox 523 2963 555 3010; x_wconf 88' lang='lat' dir='ltr'>nt</span> <span class='ocrx_word' id='word_1_222' title='bbox 571 2958 699 3011; x_wconf 89' lang='lat' dir='ltr'>morienti</span> <span class='ocrx_word' id='word_1_223' title='bbox 717 2958 823 3009; x_wconf 90' lang='lat' dir='ltr'>nullum</span> <span class='ocrx_word' id='word_1_224' title='bbox 843 2954 999 3027; x_wconf 80' lang='lat' dir='ltr'>relinquere</span> <span class='ocrx_word' id='word_1_225' title='bbox 1017 2972 1198 3010; x_wconf 69' lang='lat' dir='ltr'>successorem</span> <span class='ocrx_word' id='word_1_226' title='bbox 1220 2958 1288 3009; x_wconf 90' lang='lat' dir='ltr'>iice-</span> 
     </span>
     <span class='ocr_line' id='line_1_27' title="bbox 197 3026 1285 3099; baseline 0.002 -23"><span class='ocrx_word' id='word_1_227' title='bbox 197 3033 258 3088; x_wconf 87' lang='lat' dir='ltr'>ret‚</span> <span class='ocrx_word' id='word_1_228' title='bbox 285 3027 333 3079; x_wconf 90' lang='lat' dir='ltr'>sed</span> <span class='ocrx_word' id='word_1_229' title='bbox 359 3033 416 3079; x_wconf 88' lang='lat' dir='ltr'>tota</span> <span class='ocrx_word' id='word_1_230' title='bbox 434 3026 469 3079; x_wconf 88' lang='lat' dir='ltr'>ad</span> <span class='ocrx_word' id='word_1_231' title='bbox 486 3029 677 3099; x_wconf 75' lang='lat' dir='ltr'>imperatorem</span> <span class='ocrx_word' id='word_1_232' title='bbox 703 3029 901 3091; x_wconf 80' lang='lat' dir='ltr'>Romanorum,</span> <span class='ocrx_word' id='word_1_233' title='bbox 927 3031 984 3080; x_wconf 83' lang='lat' dir='ltr'>sive</span> <span class='ocrx_word' id='word_1_234' title='bbox 1000 3028 1036 3080; x_wconf 87' lang='lat' dir='ltr'>sd</span> <span class='ocrx_word' id='word_1_235' title='bbox 1055 3030 1183 3081; x_wconf 82' lang='lat' dir='ltr'>loannem</span> <span class='ocrx_word' id='word_1_236' title='bbox 1201 3043 1285 3096; x_wconf 80' lang='lat' dir='ltr'>geue-</span> 
     </span>
     <span class='ocr_line' id='line_1_28' title="bbox 196 3097 1286 3167; baseline 0.003 -20"><span class='ocrx_word' id='word_1_237' title='bbox 196 3108 268 3162; x_wconf 86' lang='lat' dir='ltr'>rum,</span> <span class='ocrx_word' id='word_1_238' title='bbox 286 3097 353 3160; x_wconf 83' lang='lat' dir='ltr'>sive,</span> <span class='ocrx_word' id='word_1_239' title='bbox 371 3115 403 3151; x_wconf 90' lang='lat' dir='ltr'>eo</span> <span class='ocrx_word' id='word_1_240' title='bbox 413 3105 529 3161; x_wconf 88' lang='lat' dir='ltr'>mortuo,</span> <span class='ocrx_word' id='word_1_241' title='bbox 540 3099 575 3151; x_wconf 86' lang='lat' dir='ltr'>ad</span> <span class='ocrx_word' id='word_1_242' title='bbox 585 3099 778 3162; x_wconf 76' lang='lat' dir='ltr'>Andronicum,</span> <span class='ocrx_word' id='word_1_243' title='bbox 795 3099 853 3151; x_wconf 86' lang='lat' dir='ltr'>eius</span> <span class='ocrx_word' id='word_1_244' title='bbox 872 3098 968 3161; x_wconf 79' lang='lat' dir='ltr'>fllium,</span> <span class='ocrx_word' id='word_1_245' title='bbox 986 3099 1156 3167; x_wconf 79' lang='lat' dir='ltr'>postliminio</span> <span class='ocrx_word' id='word_1_246' title='bbox 1174 3098 1286 3162; x_wconf 80' lang='lat' dir='ltr'>rediret,</span> 
     </span>
     <span class='ocr_line' id='line_1_29' title="bbox 196 3167 1286 3240; baseline 0.003 -23"><span class='ocrx_word' id='word_1_247' title='bbox 196 3167 287 3235; x_wconf 83' lang='lat' dir='ltr'>ipsum</span> <span class='ocrx_word' id='word_1_248' title='bbox 313 3175 403 3220; x_wconf 90' lang='lat' dir='ltr'>autem</span> <span class='ocrx_word' id='word_1_249' title='bbox 422 3170 560 3231; x_wconf 82' lang='lat' dir='ltr'>leronem,</span> <span class='ocrx_word' id='word_1_250' title='bbox 579 3168 654 3223; x_wconf 84' lang='lat' dir='ltr'>bello</span> <span class='ocrx_word' id='word_1_251' title='bbox 680 3170 781 3239; x_wconf 80' lang='lat' dir='ltr'>posito,</span> <span class='ocrx_word' id='word_1_252' title='bbox 809 3184 937 3223; x_wconf 81' lang='lat' dir='ltr'>revocare</span> <span class='ocrx_word' id='word_1_253' title='bbox 959 3175 1074 3240; x_wconf 89' lang='lat' dir='ltr'>totoque</span> <span class='ocrx_word' id='word_1_254' title='bbox 1093 3171 1213 3221; x_wconf 77' lang='lat' dir='ltr'>Romano</span> <span class='ocrx_word' id='word_1_255' title='bbox 1231 3169 1286 3220; x_wconf 88' lang='lat' dir='ltr'>im·</span> 
     </span>
     <span class='ocr_line' id='line_1_30' title="bbox 218 3238 1284 3310; baseline 0.001 -20"><span class='ocrx_word' id='word_1_256' title='bbox 218 3240 275 3290; x_wconf 88' lang='lat' dir='ltr'>erio</span> <span class='ocrx_word' id='word_1_257' title='bbox 303 3241 329 3290; x_wconf 91' lang='lat' dir='ltr'>ei</span> <span class='ocrx_word' id='word_1_258' title='bbox 351 3239 448 3292; x_wconf 82' lang='lat' dir='ltr'>cedere</span> <span class='ocrx_word' id='word_1_259' title='bbox 466 3255 550 3310; x_wconf 86' lang='lat' dir='ltr'>seque</span> <span class='ocrx_word' id='word_1_260' title='bbox 568 3255 585 3291; x_wconf 85' lang='lat' dir='ltr'>s</span> <span class='ocrx_word' id='word_1_261' title='bbox 604 3243 777 3310; x_wconf 74' lang='lat' dir='ltr'>negotiorum</span> <span class='ocrx_word' id='word_1_262' title='bbox 795 3238 884 3295; x_wconf 86' lang='lat' dir='ltr'>turbis</span> <span class='ocrx_word' id='word_1_263' title='bbox 903 3254 1051 3303; x_wconf 84' lang='lat' dir='ltr'>removere,</span> <span class='ocrx_word' id='word_1_264' title='bbox 1074 3246 1102 3292; x_wconf 87' lang='lat' dir='ltr'>et</span> <span class='ocrx_word' id='word_1_265' title='bbox 1119 3238 1220 3292; x_wconf 86' lang='lat' dir='ltr'>divinis</span> <span class='ocrx_word' id='word_1_266' title='bbox 1238 3255 1284 3291; x_wconf 88' lang='lat' dir='ltr'>re·</span> 
     </span>
     <span class='ocr_line' id='line_1_31' title="bbox 197 3255 1285 3381; baseline 0.003 -22"><span class='ocrx_word' id='word_1_267' title='bbox 197 3255 249 3359; x_wconf 59' lang='lat' dir='ltr'>Eue</span> <span class='ocrx_word' id='word_1_268' title='bbox 267 3308 410 3373; x_wconf 86' lang='lat' dir='ltr'>vacando,</span> <span class='ocrx_word' id='word_1_269' title='bbox 438 3310 546 3364; x_wconf 85' lang='lat' dir='ltr'>studere</span> <span class='ocrx_word' id='word_1_270' title='bbox 565 3310 685 3364; x_wconf 74' lang='lat' dir='ltr'>coeleste</span> <span class='ocrx_word' id='word_1_271' title='bbox 704 3326 806 3364; x_wconf 87' lang='lat' dir='ltr'>numen</span> <span class='ocrx_word' id='word_1_272' title='bbox 829 3310 884 3365; x_wconf 87' lang='lat' dir='ltr'>sibi</span> <span class='ocrx_word' id='word_1_273' title='bbox 905 3310 1039 3381; x_wconf 84' lang='lat' dir='ltr'>pisostum</span> <span class='ocrx_word' id='word_1_274' title='bbox 1060 3320 1088 3363; x_wconf 90' lang='lat' dir='ltr'>et</span> <span class='ocrx_word' id='word_1_275' title='bbox 1105 3310 1285 3362; x_wconf 83' lang='lat' dir='ltr'>amicumei·</span> 
     </span>
     <span class='ocr_line' id='line_1_32' title="bbox 196 3379 1284 3452; baseline 0.003 -22"><span class='ocrx_word' id='word_1_276' title='bbox 196 3380 284 3431; x_wconf 84' lang='lat' dir='ltr'>ficere.</span> <span class='ocrx_word' id='word_1_277' title='bbox 322 3380 395 3432; x_wconf 83' lang='lat' dir='ltr'>Haec</span> <span class='ocrx_word' id='word_1_278' title='bbox 413 3381 496 3452; x_wconf 77' lang='lat' dir='ltr'>igitur</span> <span class='ocrx_word' id='word_1_279' title='bbox 513 3390 576 3451; x_wconf 88' lang='lat' dir='ltr'>post</span> <span class='ocrx_word' id='word_1_280' title='bbox 600 3381 652 3432; x_wconf 85' lang='lat' dir='ltr'>filii</span> <span class='ocrx_word' id='word_1_281' title='bbox 675 3383 843 3435; x_wconf 85' lang='lat' dir='ltr'>creationem</span> <span class='ocrx_word' id='word_1_282' title='bbox 865 3380 1058 3438; x_wconf 79' lang='lat' dir='ltr'>meditsbatur.</span> <span class='ocrx_word' id='word_1_283' title='bbox 1092 3379 1173 3433; x_wconf 88' lang='lat' dir='ltr'>Tunc</span> <span class='ocrx_word' id='word_1_284' title='bbox 1189 3387 1284 3433; x_wconf 81' lang='lat' dir='ltr'>autem</span> 
     </span>
     <span class='ocr_line' id='line_1_33' title="bbox 196 3448 1285 3524; baseline 0.003 -25"><span class='ocrx_word' id='word_1_285' title='bbox 196 3448 356 3503; x_wconf 81' lang='lat' dir='ltr'>triremibus</span> <span class='ocrx_word' id='word_1_286' title='bbox 380 3451 567 3506; x_wconf 70' lang='lat' dir='ltr'>Nicomediam</span> <span class='ocrx_word' id='word_1_287' title='bbox 589 3452 667 3505; x_wconf 81' lang='lat' dir='ltr'>venit</span> <span class='ocrx_word' id='word_1_288' title='bbox 692 3453 851 3524; x_wconf 80' lang='lat' dir='ltr'>legatosque</span> <span class='ocrx_word' id='word_1_289' title='bbox 868 3451 903 3504; x_wconf 88' lang='lat' dir='ltr'>ad</span> <span class='ocrx_word' id='word_1_290' title='bbox 921 3452 1075 3507; x_wconf 80' lang='lat' dir='ltr'>Orobauetn</span> <span class='ocrx_word' id='word_1_291' title='bbox 1094 3468 1233 3522; x_wconf 77' lang='lat' dir='ltr'>generum,</span> <span class='ocrx_word' id='word_1_292' title='bbox 1251 3457 1285 3502; x_wconf 86' lang='lat' dir='ltr'>ut</span> 
     </span>
     <span class='ocr_line' id='line_1_34' title="bbox 198 3520 1283 3590; baseline 0.002 -21"><span class='ocrx_word' id='word_1_293' title='bbox 198 3520 296 3573; x_wconf 86' lang='lat' dir='ltr'>eodem</span> <span class='ocrx_word' id='word_1_294' title='bbox 315 3539 348 3574; x_wconf 84' lang='lat' dir='ltr'>ex</span> <span class='ocrx_word' id='word_1_295' title='bbox 364 3521 491 3575; x_wconf 85' lang='lat' dir='ltr'>condicto</span> <span class='ocrx_word' id='word_1_296' title='bbox 512 3523 548 3575; x_wconf 87' lang='lat' dir='ltr'>ob</span> <span class='ocrx_word' id='word_1_297' title='bbox 567 3538 672 3576; x_wconf 85' lang='lat' dir='ltr'>causam</span> <span class='ocrx_word' id='word_1_298' title='bbox 691 3524 746 3574; x_wconf 87' lang='lat' dir='ltr'>iam</span> <span class='ocrx_word' id='word_1_299' title='bbox 764 3526 905 3576; x_wconf 84' lang='lat' dir='ltr'>recitatam</span> <span class='ocrx_word' id='word_1_300' title='bbox 926 3531 1081 3584; x_wconf 81' lang='lat' dir='ltr'>venturum,</span> <span class='ocrx_word' id='word_1_301' title='bbox 1104 3523 1188 3575; x_wconf 85' lang='lat' dir='ltr'>misit.</span> <span class='ocrx_word' id='word_1_302' title='bbox 1224 3520 1283 3590; x_wconf 84' lang='lat' dir='ltr'>Qui</span> 
     </span>
     <span class='ocr_line' id='line_1_35' title="bbox 195 3591 1281 3665; baseline 0.002 -23"><span class='ocrx_word' id='word_1_303' title='bbox 195 3591 320 3645; x_wconf 87' lang='lat' dir='ltr'>morbum</span> <span class='ocrx_word' id='word_1_304' title='bbox 342 3595 490 3653; x_wconf 78' lang='lat' dir='ltr'>excusarit,</span> <span class='ocrx_word' id='word_1_305' title='bbox 511 3610 563 3646; x_wconf 90' lang='lat' dir='ltr'>nec</span> <span class='ocrx_word' id='word_1_306' title='bbox 582 3610 663 3663; x_wconf 88' lang='lat' dir='ltr'>posse</span> <span class='ocrx_word' id='word_1_307' title='bbox 680 3596 711 3647; x_wconf 78' lang='lat' dir='ltr'>in</span> <span class='ocrx_word' id='word_1_308' title='bbox 728 3595 866 3663; x_wconf 85' lang='lat' dir='ltr'>praesenti</span> <span class='ocrx_word' id='word_1_309' title='bbox 884 3593 1039 3646; x_wconf 74' lang='lat' dir='ltr'>delectum</span> <span class='ocrx_word' id='word_1_310' title='bbox 1057 3608 1174 3662; x_wconf 84' lang='lat' dir='ltr'>surgere.</span> <span class='ocrx_word' id='word_1_311' title='bbox 1211 3591 1281 3665; x_wconf 84' lang='lat' dir='ltr'>Cum</span> 
     </span>
     <span class='ocr_line' id='line_1_36' title="bbox 196 3659 1281 3733; baseline 0.004 -23"><span class='ocrx_word' id='word_1_312' title='bbox 196 3659 226 3711; x_wconf 85' lang='lat' dir='ltr'>id</span> <span class='ocrx_word' id='word_1_313' title='bbox 245 3665 362 3732; x_wconf 74' lang='lat' dir='ltr'>graviter</span> <span class='ocrx_word' id='word_1_314' title='bbox 379 3664 464 3716; x_wconf 86' lang='lat' dir='ltr'>ferret</span> <span class='ocrx_word' id='word_1_315' title='bbox 480 3663 629 3733; x_wconf 87' lang='lat' dir='ltr'>imperator</span> <span class='ocrx_word' id='word_1_316' title='bbox 645 3672 672 3718; x_wconf 88' lang='lat' dir='ltr'>et</span> <span class='ocrx_word' id='word_1_317' title='bbox 698 3663 823 3717; x_wconf 85' lang='lat' dir='ltr'>morbum</span> <span class='ocrx_word' id='word_1_318' title='bbox 842 3663 916 3716; x_wconf 89' lang='lat' dir='ltr'>hunc</span> <span class='ocrx_word' id='word_1_319' title='bbox 929 3682 977 3733; x_wconf 87' lang='lat' dir='ltr'>pro</span> <span class='ocrx_word' id='word_1_320' title='bbox 995 3665 1151 3715; x_wconf 83' lang='lat' dir='ltr'>veiamento</span> <span class='ocrx_word' id='word_1_321' title='bbox 1162 3661 1281 3715; x_wconf 86' lang='lat' dir='ltr'>obtendi</span> 
     </span>
     <span class='ocr_line' id='line_1_37' title="bbox 195 3734 1281 3849; baseline 0.004 -68"><span class='ocrx_word' id='word_1_322' title='bbox 195 3738 306 3849; x_wconf 87' lang='lat' dir='ltr'>putaret</span> <span class='ocrx_word' id='word_1_323' title='bbox 322 3742 495 3804; x_wconf 79' lang='lat' dir='ltr'>urgeretque,</span> <span class='ocrx_word' id='word_1_324' title='bbox 515 3737 555 3786; x_wconf 89' lang='lat' dir='ltr'>uti</span> <span class='ocrx_word' id='word_1_325' title='bbox 574 3734 771 3797; x_wconf 76' lang='lat' dir='ltr'>Nicomediam,</span> <span class='ocrx_word' id='word_1_326' title='bbox 792 3734 867 3806; x_wconf 90' lang='lat' dir='ltr'>quod</span> <span class='ocrx_word' id='word_1_327' title='bbox 884 3735 1055 3804; x_wconf 75' lang='lat' dir='ltr'>promiserat,</span> <span class='ocrx_word' id='word_1_328' title='bbox 1072 3735 1196 3795; x_wconf 83' lang='lat' dir='ltr'>reniret,</span> <span class='ocrx_word' id='word_1_329' title='bbox 1215 3748 1281 3785; x_wconf 81' lang='lat' dir='ltr'>vere</span> 
     </span>
     <span class='ocr_line' id='line_1_38' title="bbox 208 3803 1280 3877; baseline 0.004 -27"><span class='ocrx_word' id='word_1_330' title='bbox 208 3816 226 3850; x_wconf 93' lang='lat' dir='ltr'>n</span> <span class='ocrx_word' id='word_1_331' title='bbox 243 3803 389 3859; x_wconf 90' lang='lat' dir='ltr'>morbose</span> <span class='ocrx_word' id='word_1_332' title='bbox 416 3820 474 3857; x_wconf 84' lang='lat' dir='ltr'>esre</span> <span class='ocrx_word' id='word_1_333' title='bbox 505 3805 633 3877; x_wconf 89' lang='lat' dir='ltr'>uibiique</span> <span class='ocrx_word' id='word_1_334' title='bbox 658 3806 806 3866; x_wconf 87' lang='lat' dir='ltr'>simuisre,</span> <span class='ocrx_word' id='word_1_335' title='bbox 842 3805 946 3857; x_wconf 85' lang='lat' dir='ltr'>iuratus</span> <span class='ocrx_word' id='word_1_336' title='bbox 971 3805 1152 3867; x_wconf 82' lang='lat' dir='ltr'>confirmavit,</span> <span class='ocrx_word' id='word_1_337' title='bbox 1181 3819 1280 3873; x_wconf 72' lang='lat' dir='ltr'>rogans</span> 
     </span>
     <span class='ocr_line' id='line_1_39' title="bbox 195 3874 1280 3946; baseline 0.003 -21"><span class='ocrx_word' id='word_1_338' title='bbox 195 3875 302 3927; x_wconf 81' lang='lat' dir='ltr'>veniam</span> <span class='ocrx_word' id='word_1_339' title='bbox 324 3877 469 3928; x_wconf 89' lang='lat' dir='ltr'>etiterum</span> <span class='ocrx_word' id='word_1_340' title='bbox 488 3877 661 3944; x_wconf 85' lang='lat' dir='ltr'>promittens,</span> <span class='ocrx_word' id='word_1_341' title='bbox 679 3880 745 3946; x_wconf 87' lang='lat' dir='ltr'>post</span> <span class='ocrx_word' id='word_1_342' title='bbox 766 3876 825 3928; x_wconf 89' lang='lat' dir='ltr'>dies</span> <span class='ocrx_word' id='word_1_343' title='bbox 843 3884 939 3939; x_wconf 81' lang='lat' dir='ltr'>sertor,</span> <span class='ocrx_word' id='word_1_344' title='bbox 958 3875 1007 3926; x_wconf 94' lang='lat' dir='ltr'>ubi</span> <span class='ocrx_word' id='word_1_345' title='bbox 1025 3874 1203 3938; x_wconf 73' lang='lat' dir='ltr'>convaluerit,</span> <span class='ocrx_word' id='word_1_346' title='bbox 1213 3891 1280 3945; x_wconf 86' lang='lat' dir='ltr'>pro·</span> 
     </span>
     <span class='ocr_line' id='line_1_40' title="bbox 194 3943 1153 4015; baseline 0.002 -21"><span class='ocrx_word' id='word_1_347' title='bbox 194 3943 277 3996; x_wconf 88' lang='lat' dir='ltr'>missa</span> <span class='ocrx_word' id='word_1_348' title='bbox 294 3945 489 4000; x_wconf 84' lang='lat' dir='ltr'>confecturum.</span> <span class='ocrx_word' id='word_1_349' title='bbox 526 3948 678 4015; x_wconf 83' lang='lat' dir='ltr'>Imperetur</span> <span class='ocrx_word' id='word_1_350' title='bbox 695 3947 840 4000; x_wconf 69' lang='lat' dir='ltr'>frustretur</span> <span class='ocrx_word' id='word_1_351' title='bbox 857 3947 1016 4014; x_wconf 75' lang='lat' dir='ltr'>Byzantium</span> <span class='ocrx_word' id='word_1_352' title='bbox 1034 3947 1153 3999; x_wconf 81' lang='lat' dir='ltr'>revertit.</span> 
     </span>
     <span class='ocr_line' id='line_1_41' title="bbox 263 4014 1276 4090; baseline -0.002 -22"><span class='ocrx_word' id='word_1_353' title='bbox 263 4017 306 4086; x_wconf 73' lang='lat'>³9·</span> <span class='ocrx_word' id='word_1_354' title='bbox 342 4016 501 4070; x_wconf 85' lang='lat' dir='ltr'>Philotbeus</span> <span class='ocrx_word' id='word_1_355' title='bbox 519 4025 611 4070; x_wconf 88' lang='lat' dir='ltr'>antem</span> <span class='ocrx_word' id='word_1_356' title='bbox 628 4015 781 4087; x_wconf 87' lang='lat' dir='ltr'>patriarcha</span> <span class='ocrx_word' id='word_1_357' title='bbox 799 4016 896 4080; x_wconf 78' lang='lat' dir='ltr'>sciens,</span> <span class='ocrx_word' id='word_1_358' title='bbox 917 4016 985 4090; x_wconf 86' lang='lat' dir='ltr'>quid</span> <span class='ocrx_word' id='word_1_359' title='bbox 1005 4015 1040 4071; x_wconf 81' lang='lat' dir='ltr'>de</span> <span class='ocrx_word' id='word_1_360' title='bbox 1064 4014 1276 4083; x_wconf 72' lang='lat' dir='ltr'>imperatoribus</span> 
     </span>
     <span class='ocr_line' id='line_1_42' title="bbox 193 4084 1278 4157; baseline -0.001 -21"><span class='ocrx_word' id='word_1_361' title='bbox 193 4098 293 4153; x_wconf 74' lang='lat' dir='ltr'>genero</span> <span class='ocrx_word' id='word_1_362' title='bbox 309 4103 341 4139; x_wconf 88' lang='lat' dir='ltr'>ae</span> <span class='ocrx_word' id='word_1_363' title='bbox 357 4087 414 4139; x_wconf 84' lang='lat' dir='ltr'>filio</span> <span class='ocrx_word' id='word_1_364' title='bbox 433 4103 524 4140; x_wconf 89' lang='lat' dir='ltr'>secum</span> <span class='ocrx_word' id='word_1_365' title='bbox 545 4089 635 4140; x_wconf 88' lang='lat' dir='ltr'>animo</span> <span class='ocrx_word' id='word_1_366' title='bbox 653 4088 785 4155; x_wconf 84' lang='lat' dir='ltr'>agitaret,</span> <span class='ocrx_word' id='word_1_367' title='bbox 802 4084 909 4151; x_wconf 78' lang='lat' dir='ltr'>orabat,</span> <span class='ocrx_word' id='word_1_368' title='bbox 928 4089 968 4138; x_wconf 88' lang='lat' dir='ltr'>uti</span> <span class='ocrx_word' id='word_1_369' title='bbox 994 4103 1023 4139; x_wconf 88' lang='lat' dir='ltr'>se</span> <span class='ocrx_word' id='word_1_370' title='bbox 1041 4087 1125 4157; x_wconf 77' lang='lat' dir='ltr'>iegati</span> <span class='ocrx_word' id='word_1_371' title='bbox 1143 4086 1204 4138; x_wconf 90' lang='lat' dir='ltr'>loco</span> <span class='ocrx_word' id='word_1_372' title='bbox 1222 4085 1278 4136; x_wconf 85' lang='lat' dir='ltr'>Te-</span> 
     </span>
     <span class='ocr_line' id='line_1_43' title="bbox 192 4156 1276 4228; baseline -0.001 -22"><span class='ocrx_word' id='word_1_373' title='bbox 192 4156 296 4208; x_wconf 83' lang='lat' dir='ltr'>nedum</span> <span class='ocrx_word' id='word_1_374' title='bbox 314 4158 349 4209; x_wconf 82' lang='lat' dir='ltr'>ed</span> <span class='ocrx_word' id='word_1_375' title='bbox 366 4158 501 4213; x_wconf 84' lang='lat' dir='ltr'>iuniorem</span> <span class='ocrx_word' id='word_1_376' title='bbox 521 4161 713 4228; x_wconf 75' lang='lat' dir='ltr'>imperatorem</span> <span class='ocrx_word' id='word_1_377' title='bbox 731 4160 863 4221; x_wconf 84' lang='lat' dir='ltr'>mitteret,</span> <span class='ocrx_word' id='word_1_378' title='bbox 879 4166 1075 4228; x_wconf 83' lang='lat' dir='ltr'>pertracturum</span> <span class='ocrx_word' id='word_1_379' title='bbox 1093 4172 1155 4207; x_wconf 91' lang='lat' dir='ltr'>eum</span> <span class='ocrx_word' id='word_1_380' title='bbox 1168 4156 1198 4206; x_wconf 91' lang='lat' dir='ltr'>in</span> <span class='ocrx_word' id='word_1_381' title='bbox 1213 4169 1276 4206; x_wconf 89' lang='lat' dir='ltr'>sen·</span> 
     </span>
     <span class='ocr_line' id='line_1_44' title="bbox 191 4225 1275 4301; baseline -0.005 -20"><span class='ocrx_word' id='word_1_382' title='bbox 191 4227 308 4283; x_wconf 73' lang='lat' dir='ltr'>tentiam</span> <span class='ocrx_word' id='word_1_383' title='bbox 322 4229 409 4282; x_wconf 83' lang='lat' dir='ltr'>soceri</span> <span class='ocrx_word' id='word_1_384' title='bbox 423 4236 452 4284; x_wconf 87' lang='lat' dir='ltr'>et</span> <span class='ocrx_word' id='word_1_385' title='bbox 468 4228 574 4287; x_wconf 88' lang='lat' dir='ltr'>bellum</span> <span class='ocrx_word' id='word_1_386' title='bbox 594 4231 816 4301; x_wconf 82' lang='lat' dir='ltr'>compositurum.</span> <span class='ocrx_word' id='word_1_387' title='bbox 853 4230 1010 4301; x_wconf 77' lang='lat' dir='ltr'>Imperetur,</span> <span class='ocrx_word' id='word_1_388' title='bbox 1033 4230 1135 4298; x_wconf 72' lang='lat' dir='ltr'>paratis</span> <span class='ocrx_word' id='word_1_389' title='bbox 1155 4225 1275 4291; x_wconf 82' lang='lat' dir='ltr'>triremi·</span> 
     </span>
    </p>
   </div>
   <div class='ocr_carea' id='block_1_5' title="bbox 0 0 1514 4684">
    <p class='ocr_par' dir='ltr' id='par_1_8' title="bbox 0 0 1514 4684">
     <span class='ocr_line' id='line_1_45' title="bbox 0 0 1514 4684; baseline 0 7"><span class='ocrx_word' id='word_1_390' title='bbox 0 0 1514 4684; x_wconf 95' lang='lat' dir='ltr'> </span> 
     </span>
    </p>
   </div>
  </div>
 </body>
</html>
