3020 4684
209 295 295 409 276
598 315 880 382 esurientem

52 469 295 558 Δ.0.ι354τρός·
324 465 437 556 ἔστεφε
460 466 495 533 δὲ
517 463 572 531 καί
592 462 685 540 ου’τός
705 460 786 528 κατό
805 460 840 528 τό
865 458 940 536 ἔθος
961 457 1017 544 την
1037 463 1183 542 γυναῖκα.
1223 478 1287 520 τοι·

208 576 293 637 αὕτα
312 571 371 653 μὲν
398 565 561 651 ἐτράπετο
591 565 625 630 ἒν
645 565 822 650 Βυζαντίῳ.
862 558 1084 641 Παλαιολόγος
1114 559 1150 621 δὲ
1180 551 1288 629 όνὲος
1373 570 1380 593 ⁸

206 666 358 755 βασιλεός
377 659 416 748 ἦν
446 668 505 747 μὲν
523 666 558 730 ἐν
582 663 793 749 Θεσσαλονίκῃ
825 657 906 742 μετὰ
931 661 995 724 τών
1014 657 1209 739 βασιλίδων,
1233 654 1288 737 της

206 768 325 855 μητρός
345 764 400 829 καὶ
422 760 585 848 γυναικός,
620 755 687 845 εἶχε
718 762 754 826 δὲ
783 761 839 825 καί
860 759 991 824 Τένεδον
1022 755 1078 839 τὴν
1106 758 1202 839 νῆσον
1229 753 1287 839 ὑφ’

94 860 101 873 ’
207 865 345 947 ἑαυτὸν,
379 861 513 948 ἡγεμόνα
546 856 645 949 ταότη
675 857 856 925 καταλιπών
874 857 993 924 Ἰταλόν
1024 881 1096 921 τινα
1125 853 1317 937 Μαρτῖνον5

207 964 353 1052 ἀπαίρων
373 966 419 1037 εἰς
442 963 684 1044 Θεσσαλονίκην.
725 958 938 1043 Περγαμηνός
971 958 1008 1022 dd
1034 979 1081 1031 τις
1108 957 1171 1020 τών
1199 957 1288 1018 Τενε-

176 1067 288 1131 ῦδίων
309 1064 487 1146 όμόλιοτα
508 1059 725 1135 δυνατώτατος
744 1061 780 1125 ἐν
802 1055 1014 1144 Θεσσαλονώιη
1035 1058 1133 1141 συνῆν
1157 1056 1202 1144 τῷ
1230 1053 1288 1141 νέῳ

207 1171 341 1250 βασιλεῖ
356 1158 471 1248 χρόνον
495 1160 554 1224 οὐκ
575 1157 698 1243 ὀλίγον,
729 1155 839 1222 ἔπειτα
867 1159 988 1222 ἐκεῖθεν
1011 1152 1145 1240 διαδρὰς
1166 1154 1221 1217 καί
1239 1175 1289 1234 γε-

207 1264 338 1346 νόμενος
358 1263 393 1326 ἓν
411 1262 453 1348 τῇ
479 1262 614 1348 Τενέδῳ,
635 1255 740 1324 ἔπεισε
759 1255 815 1321 καὶ
836 1253 911 1330 τοός
933 1248 1048 1330 ἄλλους
1064 1254 1191 1328 πολίτας
1211 1250 1290 1315 ἄπο-

209 1367 321 1448 στῆναι
339 1365 398 1428 sesi
417 1361 488 1425 νέου
509 1359 675 1440 βασιλέως.
718 1354 773 1422 κατ’
793 1355 850 1421 τόν
880 1354 934 1427 ὑπ’
957 1354 1076 1420 ἐκείνου
1104 1354 1196 1439 σφών
1221 1353 1290 1417 ε’πι-
1304 1370 1341 1413 so

208 1462 395 1545 τεταγμένον
415 1451 527 1543 όρχειν
546 1454 773 1538 ἐξελάσαντες,
807 1449 911 1538 ὥσπερ
935 1447 1103 1535 αότόυομοι
1131 1451 1292 1516 ἐπολιτεύ-

211 1583 292 1626 οντο.
331 1555 483 1641 βασιλεὺς
517 1559 553 1621 δὲ
590 1555 606 1622 d
634 1559 703 1632 νέος
731 1558 802 1621 ἐπεί
829 1555 964 1620 πύθοιτο
993 1551 1053 1638 την
1077 1548 1292 1632 ἀποστασίαν,

210 1658 352 1744 τριήρεις
379 1659 413 1722 ἐκ
437 1653 668 1740 Θεσσαλονίκης
696 1657 889 1743 ἐφοπλίσας,
920 1655 1091 1719 ἐπέπλευσε
1114 1661 1179 1727 τοῖς
1202 1655 1292 1716 Τενε-

212 1759 304 1833 δίοις.
348 1754 378 1820 οἱ
410 1757 458 1820 δὲ.
476 1747 575 1831 αὖθις
605 1748 736 1837 ἑτοίμως
765 1750 997 1840 προσεχώρουν,
1017 1748 1210 1838 παραδόντες
1237 1746 1294 1815 τόν

211 1852 442 1941 Περγαμηνόν,
467 1849 503 1919 όν
522 1856 567 1931 είς
587 1853 821 1938 Θεσσαλονίκην
851 1850 1011 1939 δεσμώτην
1039 1848 1163 1935 ἔπεμψε
1191 1872 1293 1937 φρου-
1307 1845 1344 1911 15

109 1973 142 2026 V.
151 1960 340 2040 ὀδυρεῖσθαι
351 2003 362 2036 ,
382 1952 477 2029 αὐτὸς
498 1955 534 2018 δὲ
550 1948 617 2033 ἅμα
632 1953 737 2042 Ἑλένη
759 1955 902 2035 βασιλίδι
921 1955 961 2041 τῇ
978 1952 1104 2036 γυναικί
1130 1952 1236 2032 διῆγεν
1260 1948 1294 2011 ε’ν

212 2057 249 2140 τῇ
269 2049 363 2140 νόσῳ.
404 2049 666 2136 Καντακουζηνός
687 2053 723 2116 δὲ
744 2049 760 2116 ὃ
788 2049 940 2133 βασιλεός
968 2053 1003 2117 ἐν
1022 2052 1114 2139 δεινῷ
1132 2051 1295 2128 τιθέμενος

178 2159 283 2226 θεαῖς
302 2147 381 2215 κατὰ
397 2147 456 2234 τήν
482 2150 609 2239 Θρηίκην
624 2146 738 2219 ,πόλεσι
757 2147 830 2226 roric
850 2154 984 2235 Πέρσας
1011 2150 1296 2234 ἐγκαθιδρυμόνους

213 2244 315 2328 εἶναι,
338 2243 443 2333 (εἶχον
470 2247 531 2335 γόρ
557 2275 587 2315 τι
613 2249 786 2337 φρούριον,
817 2245 923 2336 ώσπερ
951 2248 1092 2337 ἔφημεν,
1116 2252 1151 2314 ἒν
1175 2242 1295 2334 Θρᾴκη,

217 2346 369 2433 Τςόμπην
386 2348 738 2436 προσαγορευόμενον,)
762 2352 817 2439 βίηι
835 2351 895 2433 μὲν
910 2351 974 2439 γοόκ
993 2346 1150 2433 ἐπεχείρει
1170 2343 1348 2427 dietari-au

212 2472 287 2528 νειν,
310 2440 398 2536 (ᾔδει
420 2446 481 2531 γόρ
504 2446 562 2511 οὐκ
586 2441 760 2532 όξιόμαχος
773 2446 852 2533 πρός
871 2446 1027 2534 τοσαότην
1044 2452 1108 2515 τών
1126 2443 1298 2531 βαρβάρων

215 2546 350 2628 δύναμιν
370 2544 534 2627 ἐσόμενος,
557 2549 587 2613 εἰ
606 2545 743 2630 πόλεμον
762 2551 863 2633 κινοίη
883 2546 963 2634 πρός
983 2546 1120 2623 oriende,
1149 2547 1205 2628 τῆς
1220 2540 1299 2609 Ῥω·

214 2646 319 2728 μαίων
338 2648 489 2731 στρατιᾶς
509 2641 571 2709 sind
591 2650 648 2711 τοῦ
668 2643 745 2731 πρός
763 2643 917 2732 ἀλλήλους
939 2649 1075 2729 πολέμου
1102 2644 1300 2731 διεφθαρμό·

214 2743 297 2830 νης,)
309 2740 412 2831 τρόπῳ
429 2744 465 2808 δέ
483 2768 545 2810 τινι
569 2737 663 2835 ἑτέρην
684 2747 833 2811 διενοεῖτο
856 2743 933 2823 τεός
946 2741 1131 2832 βαρβάρους
1149 2747 1207 2829 τῆς
1220 2739 1301 2807 Ῥω-

287 2894 311 2931 a.
328 2874 361 2943 di
382 2878 411 2939 Ρ.
484 2880 523 2935 13.
542 2877 659 2934 ἐπέπλεε
676 2882 714 2935 ltt.
733 2887 833 2946 textus,
851 2879 1043 2951 caesaraug.

216 2995 291 3049 llaec
310 2996 444 3063 Byzantii.
481 2998 654 3068 Palaeologus
672 2952 765 3118 ἰιιττίιέ
782 3001 930 3071 imperator
947 3005 1006 3052 erat
1017 2993 1229 3052 Thessalonicae
1240 3009 1302 3047 cum

217 3075 305 3120 matre
327 3074 355 3118 et
372 3082 457 3118 uxore
475 3066 692 3136 imperatricibus
710 3077 739 3120 te
761 3067 881 3140 ebatquc
906 3068 1049 3124 Tenedum
1071 3068 1202 3128 insulam,
1221 3081 1302 3135 prae-

218 3137 293 3189 lecto
310 3135 352 3187 ibi
370 3137 465 3187 relicto
484 3137 602 3206 quodam
623 3138 742 3191 Martino
763 3140 842 3200 Italo,
860 3156 918 3193 cum
936 3139 1159 3193 Thessalonicam
1177 3135 1304 3190 discede·

219 3205 339 3288 retubi
357 3207 431 3274 apusl
451 3221 512 3257 eum
531 3208 578 3259 diu
598 3206 749 3261 diversatus
768 3219 810 3262 cst
827 3209 969 3263 Tenedius
985 3209 1113 3282 quidam,
1132 3206 1214 3259 bomo
1234 3222 1305 3275 opu-

219 3275 398 3356 lentissimus,
416 3275 592 3344 Pergamenus
613 3281 743 3342 nomine,
769 3280 817 3349 qui
834 3289 930 3350 postea
947 3279 1090 3333 Tenedum
1108 3276 1132 3326 Τ
1134 3275 1306 3329 hcssslonlca

219 3345 337 3429 fugiens,
356 3348 455 3400 ceteris
473 3362 582 3418 quoque
605 3348 735 3401 insulanis
754 3352 903 3421 persuasit,
927 3359 958 3403 ut
975 3366 990 3401 a
1013 3351 1120 3402 iuniore
1141 3350 1305 3417 imperatore

222 3419 412 3472 desciscerent.
448 3417 613 3484 ltaespulso
631 3427 766 3487 praetore,
785 3438 865 3491 quem
884 3421 934 3473 ille
953 3424 1143 3480 constituerat,
1162 3418 1218 3471 suis
1234 3434 1306 3487 quo·

223 3484 368 3568 dammodo
388 3484 497 3556 legibus
514 3487 650 3542 vivebant.
688 3489 833 3559 Comperta
850 3490 1018 3555 defectione,
1037 3486 1307 3559 imposuerimus,

117 3585 122 3596 ·
224 3564 364 3609 instructas
391 3558 560 3620 triremibus,
587 3558 783 3613 Thessalonica
810 3565 839 3613 in
867 3562 1006 3615 Tenedios
1036 3562 1160 3628 navigat3
1187 3555 1308 3611 Tenedii

223 3635 349 3697 prompte
370 3627 562 3698 Pergamenum
584 3627 698 3682 tradunt
717 3640 756 3693 et,
773 3631 808 3684 ad
828 3632 908 3685 fidem
933 3631 1068 3694 redermt,
1087 3647 1169 3703 quern
1185 3629 1308 3682 vinctum

224 3694 449 3750 Thessalonicam
472 3699 610 3769 deportari
638 3710 667 3753 et
691 3701 732 3750 ihi
758 3701 890 3754 custodiri
919 3701 1013 3768 iubct3
1040 3702 1100 3771 ipse
1127 3716 1188 3751 cum
1222 3712 1309 3750 uxore

224 3764 330 3850 Ilelcna
349 3770 485 3820 ininsula
503 3773 618 3839 victitat.
642 3771 722 3823 Porro
743 3771 947 3825 Cantacuzenus
969 3772 1115 3842 imperator
1133 3771 1229 3840 inique
1247 3783 1310 3820 sus·

224 3840 332 3899 truens,
356 3838 386 3888 in
405 3837 543 3893 Thraciae
563 3838 678 3893 urbibus
699 3841 777 3894 sedes
797 3860 828 3893 ac
845 3843 983 3896 domicilia
1002 3844 1094 3894 Persas
1111 3841 1232 3900 habere,
1250 3838 1310 3906 (οε-

224 3913 354 3990 σιιρερεαλ
372 3909 445 3961 τοίω
457 3913 594 3964 munitum
610 3910 747 3981 quoddam
758 3914 900 3982 oppidum,
918 3915 1056 3985 szrnpen
1075 3910 1312 3983 appellatum‚⁸ut
1333 3959 1338 3969 ,

225 3976 391 4048 docurmus‚)
408 3980 436 4029 si
475 3981 567 4032 uidem
584 3988 613 4031 et
631 3982 711 4034 armis
729 3999 776 4035 eos
795 3983 898 4052 pellere
917 4002 972 4038 nou
993 3993 1036 4036 est
1051 3998 1205 4054 aggressus,
1233 3976 1312 4049 quod

224 4056 365 4101 setaniae
392 4050 565 4104 multitudini
587 4049 763 4105 barbarorum
787 4055 920 4121 imparem
946 4055 1042 4116 sciret,
1073 4053 1201 4105 Romanis
1232 4048 1311 4102 cirili

224 4114 301 4198 bello
326 4121 502 4202 consumptis.
548 4122 610 4174 Alis
639 4131 730 4175 autem
750 4123 866 4192 quadam
891 4126 935 4175 ria
957 4126 1077 4177 Romana
1120 4120 1239 4173 rovincia
1264 4134 1312 4171 cos

227 4203 336 4259 engere
353 4189 501 4245 meditatus
520 4200 571 4258 est,
589 4193 726 4263 missaque
744 4193 1081 4265 adorchancmgenerum
1097 4142 1246 4262 degendae,
1265 4206 1313 4243 το·
