2900 4676
376 296 433 364 λι)
460 290 742 364 carrucatam
772 301 848 362 ura.
878 303 917 362 rr.
1115 273 1204 378 453

202 438 367 534 Pagtrt,
387 474 432 512 ιο.
454 452 651 533 Κυβερνήην
673 453 717 516 Μ.

203 535 364 617 Pag.3r3,
381 535 428 597 ι6.
448 529 658 616 περισώζεται
683 537 726 600 Μ.
751 556 833 619 supr.
855 534 908 597 lio.

204 617 278 701 Pag.
293 618 364 693 513,
380 617 425 680 ι6.
444 619 621 679 Marcum
646 619 939 683 Caballarium.
966 618 1207 684 Notabisercm·
1266 618 1272 625 ’

120 699 207 786 plum
229 699 424 776 admirabile,
448 703 481 761 iu
501 722 553 762 reo
572 703 833 778 conscientiae,iu
853 702 951 762 iudice
973 706 1207 786 misericordiae,

120 789 155 848 ln
174 784 395 868 spectatoribus
414 804 476 844 non
498 782 633 867 vulgaris
653 795 683 845 et
703 784 848 846 salutiferi
869 795 979 847 motus.

201 866 360 951 Pagtrz,
374 867 424 931 23.
445 865 491 938 εἰς
513 862 554 928 ταὶ
578 868 726 946 βασιλεια
746 869 791 930 Μ.
812 878 905 930 recte.

203 948 422 1033 Pag.3r·3‚25.
443 948 488 1021 εἰς
509 949 654 1027 {lacrima
677 952 723 1011 M.

205 1033 283 1116 Pag.
295 1031 406 1114 314,8.
429 1039 553 1110 κατεῖχε
573 1035 617 1094 Μ.

204 1116 371 1198 ragom,
391 1135 419 1177 ι.
440 1114 554 1177 νεῖαι
577 1119 616 1177 c'rr
643 1138 775 1185 scena.
818 1117 855 1179 In
885 1139 974 1182 scena
1000 1120 1114 1203 tragica
1153 1141 1207 1182 scu

122 1198 155 1259 in
173 1198 338 1282 tragoedia.
365 1196 458 1279 Apud
476 1199 639 1259 stobaeum
660 1198 811 1262 Timocles
830 1204 974 1277 comicus,
996 1205 1070 1285 quid
1091 1209 1207 1287 prosint

119 1286 305 1364 tragicorum
325 1282 449 1363 scripta,
473 1283 544 1342 eatis
563 1279 697 1344 declarat
717 1285 766 1346 hia
785 1284 905 1345 verbis:
940 1287 1003 1369 Qui
1015 1308 1135 1372 pauper
1152 1300 1206 1363 ert,

119 1364 194 1426 άιαα
228 1387 290 1429 aaa
315 1368 415 1425 minua
436 1384 528 1448 quam
555 1366 714 1450 Teleplutm
738 1388 770 1428 re
793 1388 876 1447 egere
896 1370 992 1441 reatu,
1006 1371 1079 1450 fert
1088 1370 1208 1430 malem

119 1448 257 1531 paam.
295 1447 416 1510 Insanit
428 1448 560 1531 aliquis?
573 1450 785 1513 Alcmaeonem
806 1452 936 1533 respicit.
968 1452 1122 1513 Caecutr’t?
1144 1452 1207 1513 Oe·

120 1528 190 1627 alepi
212 1531 300 1593 leuat
318 1530 429 1592 άαιααα
450 1550 543 1597 auem.
586 1531 685 1593 Orbus
708 1534 773 1618 queit
793 1538 857 1593 est?
876 1530 1007 1595 lamenta
1022 1534 1133 1596 Niobes
1153 1555 1206 1595 co·

120 1624 209 1693 gelat.
238 1613 393 1674 amidio?
415 1614 611 1675 rcnriaisaitur
630 1613 810 1679 Philoctetae
820 1616 940 1699 pedum.
981 1616 1086 1679 Habet
1108 1618 1206 1678 Oeae·

118 1715 184 1772 am,
207 1698 339 1783 qruiqur'r
352 1716 445 1757 seruat
459 1709 503 1758 est
518 1712 548 1759 et
562 1699 659 1760 mr'ser.
688 1699 882 1783 Quicumque,
896 1700 969 1760 aliis
982 1700 1059 1785 quiid
1074 1699 1205 1779 accidat,

119 1781 320 1861 apameae,
348 1780 406 1839 erit
427 1780 460 1840 ia
491 1782 550 1840 sari
568 1781 704 1843 alacrior
719 1781 873 1863 periculis.
914 1782 957 1843 Et
985 1803 1056 1844 cum
1074 1804 1147 1847 vera
1166 1785 1206 1846 sit

118 1864 289 1943 sapientia,
314 1862 466 1929 ‚humanas
489 1884 537 1924 res
555 1864 674 1945 penitus
693 1873 848 1944 perceptas
875 1885 910 1925 ac
932 1876 1129 1947 pertractatas
1148 1865 1205 1928 ba·

118 1942 205 2024 berc,
226 1942 305 2004 nibil
327 1945 481 2022 admirari,
500 1966 570 2005 cum
592 1945 744 2023 acciderit,
767 1945 855 2025 nibil,
877 1959 1038 2030 autequam
1057 1952 1205 2024 evenerit,

118 2047 182 2091 aon
194 2030 291 2107 'posse
309 2028 429 2087 evenire
447 2027 598 2105 arbitrari,
620 2026 703 2090 valet
726 2049 762 2090 eo
782 2028 948 2172 parinum
960 2032 1131 2113 tragoediae
1151 2032 1206 2093 ubi

117 2108 260 2191 exemplis
283 2108 474 2171 evidentibus
494 2111 674 2186 ostenditur,
700 2114 732 2171 in
754 2131 788 2171 re
811 2134 846 2173 os
866 2113 1024 2174 hominum
1045 2113 1122 2174 nihil
1140 2134 1206 2176 esse

117 2191 246 2277 stabile,
274 2191 454 2255 diuturnum
475 2215 510 2255 ac
530 2205 735 2277 perpetuum:
758 2196 860 2255 omnia
884 2194 975 2275 lluxa,
998 2195 1132 2274 caduca,
1154 2197 1204 2256 iu-

117 2278 201 2337 ania.
243 2275 285 2337 Et
310 2279 435 2338 omuino
461 2275 530 2359 plus
552 2278 664 2341 virium
686 2276 777 2336 habet
799 2275 839 2336 ad
861 2279 955 2338 vitam
982 2289 1062 2339 recte
1083 2278 1205 2341 institu-

115 2359 230 2420 eudam
249 2360 413 2442 tragoedia,
436 2381 529 2442 quam
542 2359 626 2423 nuda
646 2358 893 2442 philosophorum
912 2372 1083 2444 praecepta.
1105 2362 1200 2423 Prac-

116 2443 207 2524 cipue
228 2450 330 2503 autem
350 2443 471 2525 prodest
492 2444 565 2507 viris
584 2442 849 2526 praepotentibus,
879 2454 915 2504 ut
942 2443 1016 2504 dum
1038 2444 1081 2505 illi
1104 2444 1201 2527 Poly·

116 2534 277 2607 mestores,
297 2525 550 2606 Agamemnonas,
563 2526 720 2603 Hercules,
731 2524 890 2608 Polynices
902 2526 1018 2609 legunt,
1030 2549 1063 2589 rc
1076 2548 1199 2609 quoque

115 2607 256 2670 homines
268 2617 299 2669 et
318 2608 458 2670 fortunae
469 2611 587 2671 casibus
598 2611 746 2671 subiectos
758 2630 822 2669 esse
835 2610 1043 2674 recordentur.
1065 2632 1198 2673 roureto

201 2690 281 2773 Pag.
298 2691 416 2771 315st.
437 2686 575 2755 τασαῦτά
597 2714 631 2754 τε
653 2685 792 2776 ὕβρικας
808 2694 854 2756 Μ.

201 2773 280 2856 Pag.
297 2773 418 2854 5144.
442 2774 590 2855 δευτέρου
609 2778 653 2841 Μ.

167 2898 172 2907 ·
202 2855 370 2938 Pagort,
388 2856 419 2919 5.
443 2852 623 2932 ἀπαλλάξαι
644 2859 688 2919 Μ.

202 2939 285 3022 Pag.
300 2942 338 3002 3ι
363 2941 418 3015 ,t
441 2940 494 3023 ἐφ’
514 2931 631 3002 ἑαυτοῦ
650 2943 695 3002 Μ.
717 2951 748 3001 et
771 2940 829 3002 lia.
859 2940 909 3004 18.
931 2941 1112 3022 α’ρνηθειῇς.

199 3021 281 3105 Pag.
298 2961 371 3104 Sal,
387 3043 435 3084 ια.
453 3019 631 3099 πυθόμενοι
654 3026 696 3089 Μ.
718 3045 851 3107 quoque,
874 3025 931 3088 sed
947 3026 1001 3087 lia.
1023 3045 1069 3107 sq.
1091 3015 1201 3085 udaie.

199 3107 279 3189 Pag.
294 3105 368 3187 520,
384 3128 412 3189 7.
437 3104 609 3168 α’ντίκειται
629 3108 673 3168 M.
693 3106 785 3175 recte.

198 3188 281 3271 Pag.
297 3190 370 3269 520,
389 3190 436 3256 15.
456 3189 716 3270 προσισχομένων
737 3192 782 3252 Μ.

199 3275 282 3354 Pag.
298 3273 371 3350 321,
390 3291 416 3340 ι.
436 3273 501 3333 τῶν
521 3270 556 3334 ἐν
573 3274 618 3357 τῷ
635 3269 694 3358 βίῳ
714 3284 796 3334 recte
815 3274 860 3336 Μ.

197 3357 282 3437 Pag.
298 3355 372 3436 321,
388 3375 436 3441 ¹7·
456 3348 522 3416 clad
542 3353 607 3437 lege
627 3375 697 3416 cum
717 3358 762 3421 M.
786 3378 842 3439 pro
859 3353 959 3437 παραὶ.

189 3437 370 3582 {aggia}
390 3458 438 3524 ιι.
453 3437 536 3584 ἐμοὶ
555 3438 624 3501 add.
647 3441 691 3506 M.
711 3460 772 3523 mg.
795 3451 865 3503 ante
876 3439 1050 3521 μάχεσθαι.

272 3566 279 3581 .
316 3542 333 3583 a
388 3543 398 3581 ι
426 3572 434 3589 .
473 3526 507 3581 εἴ
522 3523 567 3582 Μ.

164 3644 168 3653 ‚
194 3543 280 3687 Pl}
296 3566 370 3684 bad:
388 3544 435 3667 il.
458 3603 493 3666 lv
517 3604 585 3671 add.
607 3605 650 3667 M.
675 3626 735 3689 mg.
759 3617 829 3668 ante
850 3602 1082 3690 Ardvpmer'gpt.

195 3687 280 3773 Pag.
293 3687 367 3767 325,
382 3708 411 3751 α.
432 3684 655 3768 ἐμβεβληκέναι
676 3689 722 3751 M.
742 3700 836 3759 recte.

198 3768 278 3853 Pag.
294 3769 411 3850 325,ss
433 3768 605 3849 θρησκείας
624 3771 668 3835 M.
689 3792 820 3855 quicque.

199 3851 282 3933 Pag.
300 3853 370 3932 325,
388 3874 434 3916 ro.
461 3848 614 3930 ἀναχθεὶς
633 3853 678 3918 Μ.

201 3932 283 4017 Pag.
296 3936 370 4014 526,
390 3936 437 3997 13.
466 3938 606 3996 ornati.
667 3935 834 4019 Virgilium
861 3957 962 3999 amare
999 3935 1204 4019 delectarique

118 4011 215 4075 armis
235 4016 372 4160 pulchris
398 4029 430 4080 et
450 4015 657 4100 elegantibus,
685 4040 786 4103 caque
806 4042 868 4082 uon
898 4020 1025 4081 ducibus
1052 4031 1199 4095 tantum,

117 4095 172 4156 aed
192 4099 234 4158 mi
247 4101 338 4164 itibus
357 4122 480 4187 quoque
499 4103 673 4176 concedere,
700 4103 858 4166 docuimus
878 4106 911 4165 in
930 4104 1072 4188 symbolis
1090 4104 1201 4164 nostris

119 4178 160 4240 ad
183 4180 212 4244 3.
231 4182 357 4254 Aeneia.
379 4186 578 4253 Narravimus
605 4184 643 4251 de
665 4186 867 4272 Xenophonte
889 4209 923 4250 ex
948 4187 1081 4251 laeliano·
1096 4185 1147 4246 lib.
1170 4185 1202 4246 5.
