2908 4678
225 221 316 334 538‘
511 303 521 325 ·
605 275 916 343 mauraneum

169 472 174 482 =
223 436 358 498 minatur
387 431 581 517 Xylooemos.
633 434 744 514 Dicta,
772 434 853 518 quod
886 434 1013 497 autricae
1048 455 1112 496 11111
1143 442 1310 509 sumentes,
1437 422 1438 433 ¹

227 540 336 601 magna
359 519 390 580 iu
412 517 609 579 fundamento
635 536 733 600 aquae
765 530 885 601 reperta
913 520 1025 600 copia,
1054 517 1143 600 lignis
1166 515 1311 599 plurimis

224 613 256 663 11
275 601 349 683 palis
368 604 400 662 iu
422 622 501 683 aqua
530 600 655 676 defixis,
683 600 798 683 lapides
817 603 973 664 iniecerint
1003 596 1094 683 'etque
1115 602 1158 660 ita
1179 600 1307 660 1111111111

224 685 349 746 aedificii
379 684 622 746 fundumentum·
636 682 759 747 firmum
780 682 953 763 effecerint,
990 695 1026 745 ut
1046 696 1092 746 est
1111 684 1144 745 iu
1164 683 1244 746 libm
1265 683 1308 744 de

223 768 365 831 aedificiis
388 767 482 834 urbis.
505 787 641 829 101111.

307 848 535 930 Pag.560,ao.
556 850 747 934 ,Geor-gii.
788 852 866 914 Nota
897 853 991 912 ritum
1012 859 1043 910 et
1063 847 1155 912 simul
1176 868 1304 910 venero·

222 937 337 998 tionem
355 934 451 995 sancti
472 934 617 1018 Georgii,
650 939 705 1019 qui
726 945 757 998 11
780 934 862 1018 apud
880 950 937 996 uos
957 935 1123 1001 6111111111
1140 953 1254 1015 magno
1274 934 1309 992 iu

222 1018 340 1080 honore
361 1028 567 1081 1111111111.

232 1156 236 1163 .
306 1098 544 1183 11156416.
572 1122 700 1164 mente
728 1101 856 1165 Maio.
896 1100 1044 1163 Nimirum
1072 1120 1125 1160 11.
1149 1097 1200 1159 die
1218 1097 1308 1175 Maii,

223 1186 275 1246 cui
305 1187 339 1246 iu
369 1182 541 1281 menologio
575 1205 630 1249 seu
659 1185 782 1271 μηνοίρ
810 1185 885 1247 haec
912 1184 1005 1246 verba
1035 1182 1307 1266 praescribuntur:

224 1269 289 1330 τῶν
308 1263 406 1347 ἁγίων
425 1269 571 1346 peruius
601 1268 758 1347 βασιλέων
788 1264 844 1330 καί
862 1262 1077 1330 ίοσιιοστόλοον
1099 1265 1309 1329 Κωνστιιντί-
1437 1316 1438 1321 ,

222 1369 279 1413 νου
300 1347 356 1411 καί
369 1346 503 1430 Ἑλένης.
544 1352 679 1415 Rursum
703 1351 784 1413 infra
811 1351 891 1414 libro
906 1349 940 1431 4.
966 1371 1035 1433 cap.
1052 1347 1085 1430 4.
1107 1349 1243 1409 meminit
1275 1359 1310 1408 et

182 1494 187 1501 ,
223 1433 304 1496 diem
323 1435 423 1514 ipsum
444 1432 603 1516 exprimit,
635 1455 743 1517 nempe
761 1435 835 1503 Xll.
864 1433 994 1498 Kalend.
1022 1432 1150 1509 lunias,
1180 1433 1235 1512 qui
1261 1442 1308 1493 est

224 1517 288 1579 dies
306 1515 380 1577 Maii
406 1516 522 1598 primus
544 1530 575 1580 et
599 1518 758 1581 vicesimus
784 1519 919 1580 omuino.
959 1518 1030 1579 Duo
1045 1517 1162 1577 cantica
1188 1516 1222 1576 iu
1239 1535 1309 1576 eos-

224 1600 293 1661 dem
315 1621 350 1661 ex
371 1599 478 1660 eudem
494 1599 664 1683 menologio
682 1601 779 1663 lacera
798 1622 861 1664 nou
879 1622 1012 1685 possum,
1025 1602 1099 1699 puin
1123 1596 1308 1661 adscribam.

224 1683 314 1745 Prius
338 1682 397 1745 hoc
417 1693 481 1781 est,
509 1685 547 1746 iu·
567 1685 799 1746 Constantinum
827 1682 943 1748 solome
984 1703 1040 1745 του
1074 1681 1216 1758 σταυροῦ
1243 1702 1309 1743 σου
1437 1736 1438 1747 ,

224 1759 275 1826 τὸν
303 1759 402 1826 trinos
438 1787 473 1826 σν
493 1763 620 1865 οιίρανρῖ
646 1766 871 1845 θεασάμενος,
901 1762 957 1830 καί
985 1762 1030 1840 ὥς
1052 1761 1070 1826 d
1091 1763 1226 1836 Παῦλος
1245 1759 1307 1844 ἐῆν

224 1846 333 1928 ιιλῆσιν
353 1844 411 1909 ode
433 1845 467 1923 ἐξ
491 1848 669 1929 α’νθρωσοιν
697 1848 886 1930 δεξάμενος,
917 1847 941 1912 o‘
961 1848 996 1912 ἐν
1023 1846 1206 1928 βασιλεῦσιν
1225 1842 1308 1908 dud-

225 1927 332 2003 στολός
351 1950 423 2009 σου,
443 1924 542 2012 κύριε,
557 1926 790 2010 βασιλεύουσαν
808 1924 900 1996 πόλιν
912 1932 953 2019 τῇ
963 1931 1055 2015 χειρί
1069 1950 1126 1993 σου
1138 1928 1307 2010 παρέθετο,

223 2008 264 2094 ἣν
284 2014 437 2097 περίοωζε
458 2010 512 2075 διὰ
533 2009 650 2087 παντὸς
670 2015 704 2077 ἐν
724 2013 845 2102 εἰρήνῃ,
863 2015 1047 2096 πρεσβείαις
1066 2011 1121 2093 τῆς
1140 2006 1306 2089 seorim,

224 2089 303 2174 μόνε
324 2091 543 2179 φιλάνθρωπα
585 2100 737 2161 Posterius
757 2111 803 2161 est
825 2100 865 2160 iu·
884 2099 981 2162 filium
1001 2108 1032 2160 et
1060 2107 1186 2158 matrem
1220 2117 1305 2156 com·

225 2180 368 2242 maniter.
409 2181 647 2254 Κοονσταντῖυος
667 2176 802 2264 σήμερον
824 2177 885 2245 οὖν
905 2183 946 2267 τῇ
963 2176 1061 2263 μητρὶ
1077 2180 1113 2259 τῆ
1129 2176 1234 2263 Ἑλένῃ
1249 2172 1307 2240 τόν

226 2260 367 2344 σταυρὸν
391 2259 599 2346 ἐμφαίνουσι,
631 2260 666 2326 τί
688 2258 918 2349 πανοεβοὶσμιον
939 2263 1051 2344 ξύλον,
1076 2242 1216 2335 ἅπαντας
1230 2254 1306 2334 τούς

222 2342 397 2419 Ἰουδαίους
416 2344 651 2444 σοναῖαγόντες.
692 2344 822 2422 τούτους
851 2339 912 2412 οὖν
941 2339 1213 2429 ἅνευφημὴσοομεν
1232 2346 1312 2406 s'nu·

227 2426 314 2504 ξίως.
358 2428 401 2490 δι’
416 2428 530 2527 'odron
548 2425 610 2511 γὰρ
643 2427 813 2514 ἀνεδείχθη
834 2436 963 2515 σημεῖον
992 2428 1076 2511 μέγα
1094 2422 1128 2492 td
1151 2422 1213 2510 11ρό
1234 2421 1311 2490 uld-

227 2531 291 2573 νοιν
338 2532 455 2593 ριιιτον.
476 2533 610 2580 roscia.

309 2532 529 2679 hammo.
560 2618 635 2660 αοιι
672 2618 790 2660 manu
816 2599 941 2679 facto
975 2597 1127 2682 templo.
1169 2592 1311 2657 Forsitan

225 2677 286 2742 tale
306 2678 383 2740 istuc
401 2679 549 2760 templum
572 2680 897 2759 northamtoniam,
928 2680 1018 2764 quale
1038 2681 1133 2741 sancti
1154 2676 1314 2740 Michaelis

226 2765 260 2823 iu
279 2772 382 2824 moute
403 2763 557 2846 Gargano,
577 2765 661 2847 quod
680 2775 712 2825 et
732 2766 831 2847 ipsum
854 2762 1090 2846 α’χιιροιιοίηῐον
1112 2761 1171 2823 dici
1192 2770 1312 2842 poteret

226 2852 258 2909 et
274 2845 357 2929 quod
376 2843 478 2912 locum
497 2844 586 2909 illum
606 2870 669 2909 nou
691 2848 848 2911 hominum
869 2869 917 2909 ars
938 2859 968 2909 et
988 2845 1148 2924 industria,
1167 2845 1220 2905 aed
1240 2845 1309 2925 ipsa

226 2940 336 2991 natura
355 2928 393 2991 ed
416 2941 476 2992 tem
498 2931 520 2992 li
541 2933 670 3015 speciem
690 2932 944 3014 commodumque
965 2951 1055 2992 usum
1075 2937 1215 3011 aptasset.
1238 2929 1309 3005 Qua

227 3015 351 3075 notione
385 2952 591 3099 nympharum
618 3015 727 3077 domus
753 3018 883 3098 vivoque
903 3012 1008 3075 sedilia
1028 3034 1099 3074 saxo
1125 3034 1153 3073 1.
1181 3010 1309 3072 heoeid.

227 3096 380 3162 dicuutur.
420 3099 463 3159 Et
494 3111 576 3160 11111
609 3099 731 3183 quidem
760 3094 1006 3178 α’χειροιιοιλρτιι,
1042 3098 1115 3179 quia
1141 3116 1203 3157 uou
1239 3112 1308 3166 ars,

228 3181 281 3240 sed
301 3183 367 3263 ipsa
386 3192 497 3244 natura
518 3182 701 3246 efformarut.
749 3179 853 3243 Simile
876 3181 951 3264 quid
973 3179 1139 3262 persuadeo
1168 3176 1313 3239 mihi‘de

227 3258 282 3322 illo
305 3263 418 3345 templo
448 3287 484 3327 ex
504 3265 569 3348 ipso
591 3289 609 3328 e
631 3268 736 3329 itheto.
778 3266 849 3326 Nou
866 3268 948 3327 euim
966 3264 1098 3325 arbitror
1124 3259 1311 3325 vocabulum

228 3342 466 3427 ἀχειροποίητον
485 3347 544 3411 hoc
562 3290 653 3429 velle,
674 3349 757 3433 quod
778 3370 839 3410 uon
857 3349 995 3432 precibus
1013 3350 1113 3431 episco
1154 3366 1233 3419 rum,
1257 3344 1311 3406 sed

229 3426 406 3511 angelorum
432 3444 639 3493 consecratum
667 3445 697 3495 et
721 3432 894 3494 dedicatum
921 3443 1016 3509 esset,
1044 3452 1086 3514 qu
1146 3430 1226 3490 samo
1253 3427 1312 3489 fert

229 3510 270 3573 de
290 3510 399 3575 sacello
412 3513 561 3595 Deiparae
581 3516 797 3599 Eyusidlensi=
832 3538 905 3577 nem
928 3516 1003 3577 haec
1024 3516 1115 3575 uotio'
1134 3515 1225 3574 nimis
1241 3511 1310 3572 vio-

228 3593 310 3673 lentp
342 3606 372 3656 et
399 3617 419 3656 1
439 3602 592 3660 communi
613 3601 731 3661 ratione
757 3599 924 3661 abhorreas
946 3610 1048 3677 esset,
1070 3598 1129 3658 uisi
1151 3599 1219 3678 quis
1242 3593 1313 3675 phi-
1437 3634 1438 3653 1

228 3678 383 3762 losophari
413 3681 536 3759 vellet,
579 3684 617 3745 de
650 3682 769 3745 formali
800 3705 864 3746 esse
893 3694 924 3744 et
952 3684 1165 3745 constitutione
1192 3676 1312 3759 templi.

230 3763 314 3824 Haeo
335 3764 506 3827 coniectura
523 3777 570 3828 est
584 3768 687 3829 lacobi
703 3768 860 3843 Gretseri,
879 3788 973 3850 quam
1000 3766 1058 3827 tihi
1081 3765 1176 3827 lector
1197 3782 1315 3845 propo-

228 3845 361 3909 nendam
382 3848 463 3914 duxi.
505 3850 584 3912 Mihi
603 3851 725 3935 quidem
741 3850 904 3933 probabilis
920 3849 1051 3913 videtur.
1075 3868 1203 3910 1011111.

307 3931 532 4014 11158115.
565 3936 815 4014 circumfusi.
860 3936 971 3997 Narrat
988 3935 1140 3997 Homerus
1154 3929 1244 3991 lliad.
1264 3948 1317 3994 22.

227 4014 260 4076 in
284 4013 445 4078 Hectorem
466 4019 505 4079 ab
527 4017 646 4081 Achille
680 4019 871 4080 interfectum
902 4039 1006 4081 omues
1027 4020 1158 4078 Graecos
1185 4015 1323 4075 circum·

227 4110 339 4160 stautes
364 4101 426 4163 tels
450 4104 612 4164 coniecisse
633 4105 722 4185 eique
751 4102 922 4164 insultasse.
975 4100 1113 4163 Similem
1139 4097 1317 4159 immanita-

208 4192 291 4245 ttem
313 4183 436 4249 Zelotae
462 4186 493 4249 iu
522 4187 707 4268 praelectum
728 4185 810 4251 huuc
842 4206 932 4253 suum
958 4194 1165 4250 exercuerunt.
1207 4181 1320 4243 Ε1111
