3020 4684
468 278 750 405 ursrourrurnr
780 287 838 347 rv:
856 289 905 355 35.
1148 261 1231 374 αὕη

148 431 183 493 &a
195 426 400 512 συνθήματος
417 426 579 510 γενόμενοι
600 430 634 493 έν
654 431 839 510 βασιλείοις,
863 434 986 515 ἀγνοεῖν
1006 431 1131 520 ἔφασαν
1153 435 1310 520 πρύςλο.
1322 448 1388 504 rasa

148 526 305 609 βασιλέα,
335 521 395 606 ὅ,τι
423 521 569 607 βούλοιτο
590 529 677 615 αύτῷ
702 528 721 613 ἡ
748 527 828 613 πρύς
853 537 1006 597 τοσοῦτον
1026 536 1079 617 ἀφ’
1098 530 1234 621 έκύτερα

147 622 252 709 (iord,
286 617 368 688 cioca
386 626 465 707 μηδ’
486 622 603 701 αύτούς
623 629 742 695 εἰδέναι
761 626 854 710 ἔχειν,
870 628 1008 717 ὁποτέρῳ
1031 630 1234 715 πρύσθοιντο.

146 724 177 786 εἰ
206 724 267 803 μέν
299 722 361 806 γὰρ
390 724 425 789 tn
453 720 573 808 τρόπον
600 722 717 800 παντὸς
742 731 874 809 βασιλέα
903 727 958 792 τὸν
994 731 1062 795 νέον
1089 726 1235 815 Ἰωάννην

119 817 262 902 ὅέγνωκε
283 818 470 904 κληρονόμον
492 822 707 888 ἀποδεικνύειν
727 828 783 908 τῆς
800 824 966 906 Ῥωμαίων
991 827 1176 911 ἡγεμονίας,
1200 832 1237 895 τί

146 917 191 1002 μή
211 918 268 982 καί
279 919 387 996 αὐτοῖς
402 918 575 1005 κατάδηλον
591 929 683 1003 ποιεί,
705 917 786 987 cdere
804 919 884 1007 μήτε
905 920 1156 1007 πολεμεῖν,νάλλά
1178 927 1234 992 καί
1240 934 1265 990 ll
1316 1002 1321 1009 ‚

145 1016 335 1100 θεραπεύειν
348 1019 519 1097 μέλλοντας
532 1021 626 1107 dlr'yrp
640 1015 774 1106 ύστορον
796 1015 878 1086 εἶναι
888 1021 942 1086 ἀπ’
954 1025 1084 1104 ἐκεῖνονς
1104 1021 1232 1109 ἀνόητον

146 1115 209 1199 γὰρ
223 1108 264 1181 ἀν
283 1113 332 1200 εἴη
347 1121 403 1181 καί
426 1120 489 1182 τῶν
510 1115 726 1201 ἀτοπωτάτων,
743 1121 935 1203 ἀγνωμονεῖν
948 1119 1026 1205 πρὸς
1044 1119 1101 1188 τύν
1120 1119 1234 1188 δεσπό-

146 1238 204 1298 την
224 1218 280 1279 καί
300 1218 468 1296 πολεμίους
489 1220 673 1300 φαίνεσθαι,
697 1220 731 1297 ἐξ
744 1211 788 1283 ὧν
809 1221 925 1285 ἐκεῖνον
944 1222 1004 1302 μὲν
1025 1222 1063 1286 ού
1083 1220 1234 1307 ἀννήσου·
1287 1208 1292 1223 ”

104 1333 205 1378 rorat
227 1315 426 1398 διαφθερεῖν,
450 1315 551 1380 adteri
576 1320 806 1401 συναιρομένου
834 1323 890 1385 καί
907 1323 963 1403 τῆς
1000 1318 1102 1404 ἀρχῆς
1129 1346 1236 1406 παρα-

148 1414 329 1495 χωρούντος
356 1407 478 1495 ἑκοντὶ,
507 1417 593 1500 σφοῖς
616 1417 652 1480 δέ
681 1414 799 1492 αύτούς
826 1416 884 1481 καί
911 1423 999 1483 ιε’κνα
1023 1420 1079 1482 κατ’
1099 1419 1233 1493 οέκείους

146 1507 310 1592 βλάψουσι
337 1509 376 1576 τύ
400 1516 555 1595 μέγιστοι,
580 1517 724 1595 πολέμιοι
752 1518 963 1601 ἀναφανέντες
974 1567 984 1598 ,
1013 1509 1042 1605 ql
1070 1515 1231 1581 δουλεύειν

147 1609 271 1686 ἕξουσιν
290 1609 433 1694 ἀνάγκην.
474 1613 506 1675 εἰ
523 1614 554 1676 δ’
579 1610 674 1689 adeda
693 1637 726 1678 τε
760 1619 909 1696 πολέμιον
930 1616 1050 1699 ἡγεῖται
1070 1614 1232 1690 κάκείνους

147 1702 321 1789 προθύμως
340 1704 485 1799 βούλεται
505 1717 718 1791 συμπολεμεῖν
738 1706 844 1799 αύτῷ,
873 1711 986 1779 ε’λπίάα
1007 1711 1074 1778 τινά
1094 1716 1229 1794 βεβαίαν
1278 1768 1281 1775 .

99 1806 222 1874 rbds'os
242 1802 321 1888 πρύς
340 1805 379 1881 ιὰ
399 1808 552 1887 μέλλοντα
571 1812 780 1892 παρέχεσθαι,
807 1804 830 1898 ᾗ
849 1815 1027 1887 πεισθέντες
1047 1814 1152 1899 ἐκείνη)
1174 1835 1229 1874 πο·

149 1902 322 1986 λεμήσουσι
347 1902 529 1989 προθύμως.
551 1901 630 1993 αύτη
654 1911 683 1973 d’
704 1901 743 1973 ἀν
763 1909 814 1994 εἴη
837 1909 872 1974 τὸ
898 1915 1069 1976 Ματθαῖον
1089 1908 1143 1975 τὸν
1160 1910 1232 1974 υἱὸν

149 1999 365 2068 ἀποδεικνύειν
383 2008 536 2088 βασιλέα,
557 2002 601 2083 ἀς
620 2003 704 2071 ούτω
726 2011 832 2072 πᾶσαν
854 2009 1048 2094 ἀμφιβολίαν
1071 2010 1262 2093 dubiique-D

147 2104 250 2181 μένων
270 2100 325 2166 καί
345 2100 520 2187 προθύμως
552 2107 595 2193 τῷ
618 2106 678 2193 νέιρ
696 2111 825 2187 βασιλεῖ
843 2104 1091 2191 πολεμησόντων,
1116 2109 1229 2171 ilerda

147 2198 280 2280 βεβαίαν
307 2190 369 2285 ἤδη
389 2205 602 2286 κεκτημένων,
634 2205 677 2278 ως
705 2199 955 2288 ἢκρατύσανιες
984 2209 1046 2268 των
1074 2208 1230 2284 πολεμίων

101 2296 200 2373 rotet
221 2301 294 2381 βίου
314 2300 463 2380 βασιλέας
492 2298 590 2367 adedo
620 2304 726 2380 ἕξουσι
751 2301 807 2367 καί
833 2302 888 2368 σύν
908 2301 989 2383 vide,
1011 2296 1031 2387 ἢ
1056 2303 1111 2366 καί
1140 2301 1233 2367 edred

147 2401 367 2482 κρατηθέντων
387 2396 725 2487 συνδιαφθηιρήσονται
745 2403 861 2466 odedu.
901 2399 930 2465 οἱ
949 2404 1009 2483 μέν
1036 2395 1092 2467 ούν
1124 2403 1158 2467 ἐν
1179 2403 1231 2464 τέ-

146 2501 194 2560 λει
226 2500 357 2562 τοιαῦτα
378 2493 477 2582 εἶπον,
518 2498 669 2582 βασιλεύς
703 2504 739 2566 tl
773 2498 850 2586 ,την
882 2504 941 2582 μὲν
971 2500 1100 2581 ἀξίωσιν
1126 2497 1230 2583 ύμιόν,

218 2633 258 2670 ιι.
276 2618 385 2674 ολιίοοε
403 2618 432 2672 Ρ.
502 2635 545 2677 ar.
562 2616 651 2673 αάτόν
666 2619 702 2671 Μ.
720 2628 820 2683 textas,
838 2618 936 2678 αὐτοῖς
953 2637 1004 2690 mg.
1026 2623 1107 2674 llecte
1130 2620 1157 2671 P.

147 2741 221 2787 tanta
243 2736 274 2785 in
292 2741 435 2805 utramque
462 2741 564 2803 partem
590 2737 750 2799 inclinatio,
779 2744 811 2787 nt
837 2753 927 2807 neque
949 2738 1002 2806 ipsi
1032 2739 1100 2791 selre
1119 2744 1230 2810 queant,

149 2807 202 2859 utri
221 2803 398 2862 adhaereant.
433 2805 461 2857 Si
480 2807 553 2859 enim
570 2807 653 2874 plane
671 2809 802 2861 loannem
818 2808 1008 2878 imperatorem
1027 2811 1162 2863 iuniorem
1181 2809 1231 2862 be·

148 2877 240 2928 redern
263 2875 371 2944 imperii
391 2877 502 2927 Romani
521 2876 658 2929 declarare
676 2881 822 2940 statuerit,
846 2894 894 2930 cur
918 2895 974 2930 nou
999 2877 1051 2930 hoc
1077 2880 1143 2947 ipsis
1161 2895 1249 2947 ape-r

148 2947 222 3001 riat?
240 2963 294 3015 quo
316 2963 372 2999 non
389 2946 472 2998 modo
490 2950 568 2999 armis
589 2965 650 3000 eum
668 2966 725 3000 non
750 2955 965 3019 persequantur,
993 2950 1042 3000 sed
1068 2952 1148 3001 etiam
1167 2950 1231 3018 (ut-

148 3026 212 3088 pote
237 3033 293 3069 nen
325 3017 411 3069 multo
431 3025 498 3101 post
529 3020 560 3070 in
585 3018 643 3069 einr
669 3028 806 3087 potestate
830 3020 937 3085 futuri)
963 3015 1103 3089 obsequiis
1130 3020 1232 3078 colant.

150 3090 270 3143 Stultum
287 3088 361 3140 enim
380 3095 409 3138 et
430 3088 674 3141 rnsolentissimuna
693 3106 773 3153 erse,
790 3098 884 3142 contra
903 3090 1045 3142 domiuum
1065 3091 1231 3143 insolescere
1300 3131 1306 3148 ,

149 3167 177 3213 et
195 3161 253 3211 eius
272 3157 363 3210 hostes
381 3156 487 3220 videri,
506 3168 650 3228 propterea
675 3159 759 3229 quod,
779 3160 838 3230 ipso
867 3177 931 3212 eum
957 3160 1104 3213 adiuvante
1128 3169 1157 3214 ct
1176 3161 1231 3211 im·

148 3230 225 3300 perio
243 3228 315 3280 ultro
336 3226 459 3291 cedente,
468 3244 566 3281 nocere
585 3231 611 3281 ei
629 3244 686 3283 non
705 3237 851 3301 poterunt,
872 3230 926 3283 sibl
945 3231 1011 3300 ipsis
1032 3239 1140 3295 autem,
1158 3228 1232 3282 libe-

148 3302 185 3353 ris
203 3307 231 3353 et
247 3298 409 3369 propinquis
430 3298 578 3364 nocebunt,
596 3302 713 3355 nraainre
740 3300 833 3354 hostes
855 3302 932 3354 illius
950 3301 1144 3364 maniiettarii,
1174 3302 1231 3362 eui,

147 3370 235 3422 velint
249 3369 346 3431 nolint,
359 3366 469 3421 rubesre
486 3369 595 3423 debent
651 3369 757 3441 Quodsi
784 3388 844 3424 oum
864 3372 1005 3425 inimicum
1034 3373 1115 3424 ducat
1139 3372 1231 3442 ipsos«

170 3459 203 3495 uc
221 3442 350 3509 impigros
373 3439 490 3493 militiae
512 3443 600 3495 socios
616 3441 722 3495 babere
740 3442 895 3505 desideret,
922 3460 989 3511 opus
1008 3460 1086 3505 esse,
1104 3450 1135 3496 ut
1152 3459 1229 3509 spem

149 3458 254 3564 drmam
273 3512 301 3563 in
319 3519 456 3579 posterum
474 3511 565 3574 iaciat,
585 3515 632 3580 qul
644 3513 703 3564 nixi
718 3513 796 3564 illurn
808 3514 950 3567 tidenteru
970 3513 1133 3581 gradiantur.
1152 3513 1230 3565 Hunc

150 3582 219 3643 sore,
239 3584 263 3634 si
280 3579 446 3634 Matthaeum
472 3582 558 3633 lilium
577 3584 768 3653 imperatorem
788 3582 919 3653 designet.
953 3532 1001 3635 dic
1025 3587 1097 3637 enlm
1117 3583 1230 3636 dubila-

150 3654 253 3704 tionem
273 3666 379 3703 omnem
401 3650 572 3720 deposituros
601 3662 630 3706 et
655 3653 782 3705 alacriter
812 3654 948 3707 iuniorem
969 3654 1160 3722 imperatorem
1178 3671 1230 3722 op-

147 3732 326 3791 pugnaturos,
343 3738 390 3792 spe
410 3721 465 3772 iana
485 3730 557 3775 certa
573 3723 720 3786 subnixos,
737 3732 794 3787 aut,
810 3725 889 3777 victis
909 3724 1043 3786 hostibus,
1062 3725 1149 3792 iprum
1168 3739 1231 3775 curu

148 3793 217 3855 filio,
235 3790 327 3862 quoad
346 3792 482 3853 vixerint,
509 3792 684 3861 imperatores
708 3793 867 3855 babituros,
897 3802 945 3845 aut
963 3793 986 3843 si
1005 3795 1058 3863 ipsi
1077 3796 1231 3855 vincantur,

148 3880 210 3914 cunr
227 3865 293 3932 ipsis
312 3862 394 3914 simul
410 3864 565 3914 morituros.
593 3866 731 3917 Hactenur
748 3865 889 3919 nobilitas,
925 3864 949 3915 Τ
952 3880 997 3914 um
1018 3866 1166 3933 imperator
1192 3865 1232 3915 sic

149 3940 242 3985 contra
261 3935 332 3987 latus
351 3941 408 3985 eat:
446 3932 631 3995 „Petilionem
656 3941 771 3987 vestram
790 3952 848 3987 esse
872 3936 972 3987 iactant
997 3943 1025 3987 et
1045 3952 1106 3986 cunr
1126 3934 1232 3989 ratione

148 4007 375 4065 consentientem,
394 4020 425 4056 ac
443 4020 489 4056 vos
508 4005 577 4056 aoire
596 4014 731 4076 oportere,
750 4007 804 4057 utri
823 4005 946 4059 faventes
964 4005 994 4058 in
1020 4006 1137 4058 alterurn
1158 4020 1233 4056 arma

148 4073 268 4136 ¹vertutis,
287 4090 338 4127 nec
355 4088 404 4142 ego
423 4074 528 4126 inficias
547 4074 652 4127 iverim.
705 4074 774 4128 Num
793 4076 916 4135 simulac,
934 4073 1081 4128 debellatis
1096 4073 1232 4137 hostibus,

147 4143 254 4198 bellurn
271 4144 410 4215 posuimus
438 4152 468 4198 et
487 4143 583 4200 foedus
602 4163 662 4198 cum
687 4148 764 4201 enm
796 4146 966 4218 imperatrice
992 4161 1149 4217 generoque
1167 4160 1229 4197 rnco

184 4248 396 4304 Cantacuaeuua
417 4248 468 4303 111.
1005 4266 1033 4318 ¹7
